4278 6242
454 391 516 458 tta
1166 411 1267 462 11111
1282 412 1315 462 v.
1343 491 1352 500 ι

412 535 595 593 considerata.
608 537 725 609 Oportet
736 554 803 613 ergo
816 552 966 610 exponere,
992 553 1025 594 an
1041 536 1107 594 haec
1121 536 1219 610 regola
1254 536 1374 604 nullitas,
1391 543 1440 594 ant
1453 537 1529 594 valor
1543 545 1642 608 acius,
1657 552 1690 596 ex
1704 538 1804 612 quibus
1821 537 1892 596 duae
1906 543 2005 597 tantum
2016 541 2044 599 11

412 626 447 683 sit
460 625 594 684 indefinite
608 627 759 700 sumenda,
774 629 802 685 id
822 636 865 686 est
880 634 910 684 ut
929 627 970 686 111
985 643 1055 700 1111
1070 625 1216 699 111111111
1255 643 1312 684 rena
1331 634 1453 694 nostram
1476 628 1566 686 lacere
1588 627 1726 686 videntur.
1742 629 1801 686 Una
1815 636 1874 702 est,
1891 632 1997 703 quando
2009 633 2044 690 lex

412 730 465 771 non
480 730 588 787 semper
609 717 714 789 irritet,
729 717 772 774 vel
786 717 967 790 generaliter,
983 726 1015 774 nt
1035 732 1174 790 nrrnquam
1189 733 1218 773 11
1253 717 1380 790 11111111
1403 725 1516 790 actum,
1532 734 1586 774 non
1608 719 1708 775 intuitu
1727 720 1864 791 iustitiae,
1880 719 1928 776 sed
1947 721 2045 778 alterius

411 805 469 861 sola
482 805 579 877 irritet,
591 812 620 862 et
634 806 686 864 boe
702 809 847 878 posteriori
858 807 938 864 modo
949 806 1101 873 intellecta,
1115 821 1149 862 an
1164 806 1214 862 ali·
1253 809 1375 880 virtutis,
1391 814 1422 864 ut
1436 807 1586 880 religionis,
1599 807 1641 864 rel
1655 806 1832 879 liberalitatis,
1844 816 1897 866 aut
1910 809 2011 881 similis,
2023 821 2047 868 et

410 908 494 966 quana
514 896 701 966 exceptionem
721 895 851 968 patiatur.
873 897 941 953 Nam
962 897 985 952 si
1006 895 1073 952 ratic
1094 894 1166 951 lacta
1187 895 1213 951 in
1253 912 1305 952 nou
1318 895 1393 954 addit
1403 897 1555 954 clausulam
1564 897 1797 968 irritantem,tunc
1809 911 1953 970 nonquam
1963 901 2046 957 annul-

409 998 471 1055 cap.
485 985 565 1040 xxv.
581 983 668 1041 valida
683 992 743 1059 eet,
759 985 868 1043 videtur
883 985 1018 1058 probare,
1033 1000 1130 1058 puram
1144 986 1212 1058 legis
1253 986 1309 1044 lare
1322 985 1506 1045 aetum.Unde
1518 1001 1566 1058 per
1576 992 1767 1058 argumentum
1778 1002 1793 1042 a
1803 989 1945 1044 contrario
1955 988 2043 1046 inierat

409 1073 617 1144 prohibitionem
629 1091 770 1149 nunquam
784 1076 888 1132 irritare
899 1082 1006 1148 aetum,
1017 1076 1083 1147 qnia
1097 1075 1212 1132 verbum
1253 1075 1363 1149 aliquis,
1379 1078 1401 1132 si
1415 1074 1456 1134 lex
1472 1076 1614 1148 probibeat
1629 1081 1721 1132 acluna
1735 1059 1833 1133 inluito
1849 1076 1981 1148 iustitiae,
1995 1079 2040 1136 hoe

406 1163 568 1234 prohibendi
590 1180 730 1239 nunquam
750 1167 884 1240 signifieat
904 1164 1059 1223 nullitatem
1072 1208 1079 1237 ,
1094 1165 1143 1221 sed
1158 1172 1218 1223 tan·
1253 1166 1312 1238 ipso
1326 1165 1432 1252 irritaqe
1453 1165 1547 1222 illum:
1563 1164 1640 1238 quod
1655 1171 1744 1220 tamen
1759 1179 1809 1222 nee
1824 1166 1859 1222 ab
1879 1165 1927 1224 illo
1941 1173 2043 1225 auctore

410 1259 468 1309 tum
483 1252 672 1327 obligationem
693 1271 748 1313 non
764 1255 890 1328 faciendi,
903 1254 951 1313 sed
965 1255 1048 1312 rerba
1061 1254 1127 1330 legis
1141 1273 1213 1313 nun·
1253 1254 1428 1326 conceditur,
1445 1271 1495 1312 nec
1515 1270 1611 1313 verum
1625 1260 1683 1328 est,
1699 1255 1836 1312 utstatim
1851 1254 1954 1313 dicam.
1971 1258 2001 1313 Et
2016 1257 2045 1314 ita

410 1356 493 1415 quam
507 1350 624 1416 possunt
638 1343 699 1415 plus
713 1345 835 1415 efficere,
851 1361 935 1419 quam
950 1340 1119 1419 signidclnt3
1136 1361 1214 1419 ergo.
1253 1362 1285 1403 er
1299 1345 1343 1402 illa
1357 1345 1451 1418 regula
1465 1361 1518 1401 non
1538 1343 1672 1416 habetur,
1688 1342 1799 1417 qnando
1814 1351 1898 1402 actus
1912 1347 1948 1402 sit
1966 1345 2046 1401 nullus

454 1432 482 1488 ln
508 1435 677 1490 contrarium
701 1449 766 1490 vero
791 1441 849 1506 est,
867 1434 931 1507 qnia
954 1449 1034 1506 saepe
1053 1435 1126 1507 leges
1150 1449 1218 1506 pure
1255 1443 1369 1508 propter
1390 1434 1476 1492 solam
1497 1433 1724 1506 prohihitionem,
1741 1433 1789 1490 sed
1808 1434 1921 1507 quando
1936 1437 1972 1491 sit
1990 1436 2047 1491 rali-

409 1521 584 1596 prohlbentes
605 1521 733 1580 videntur
746 1522 846 1580 babere
858 1523 932 1580 bunc
943 1524 1071 1581 ellectum
1083 1540 1132 1596 per
1146 1540 1216 1598 sese,
1254 1525 1317 1592 dus,
1335 1542 1389 1582 non
1405 1525 1529 1582 obstante
1544 1523 1606 1596 illa,
1623 1523 1698 1598 qnod
1713 1523 1764 1581 iana
1780 1524 1915 1582 babemus
1930 1541 1963 1583 ex
1975 1541 2045 1597 gene·

409 1619 438 1670 et
451 1629 506 1670 non
528 1614 555 1668 in
575 1613 678 1670 virtute
692 1613 758 1687 legis
773 1631 832 1670 111
853 1612 989 1670 dubium.
1006 1615 1065 1670 lloc
1080 1615 1106 1670 in
1125 1615 1219 1688 primia
1252 1615 1302 1673 rall
1316 1615 1411 1688 regula
1425 1617 1512 1687 posita
1526 1615 1553 1670 in
1572 1629 1633 1687 cap.
1649 1615 1730 1672 xxv,
1748 1617 1799 1672 Per
1818 1614 1891 1672 bane
1907 1631 1971 1672 vern
1984 1616 2048 1672 addi-

409 1703 542 1775 probatur
563 1703 596 1759 de
613 1703 672 1777 lage
686 1705 815 1776 naturali,
828 1718 891 1760 nam
902 1719 985 1776 supra
996 1704 1100 1762 dietum
1115 1711 1167 1777 est,
1179 1706 1219 1761 in·
1252 1711 1309 1776 tur,
1325 1705 1398 1762 illam
1412 1703 1596 1761 universalem
1609 1703 1733 1776 regulam
1748 1719 1893 1777 nunquam
1906 1707 1960 1777 pati
1972 1719 2042 1761 erce·

409 1790 520 1849 tardum
541 1792 648 1850 irritare
668 1799 778 1866 actum,
794 1800 822 1850 11
843 1794 972 1850 tamenin
992 1794 1037 1850 illa
1053 1810 1107 1852 non
1121 1811 1218 1867 possu-
1252 1795 1373 1867 ptionem
1388 1793 1413 1850 in
1429 1793 1549 1866 legibus,
1564 1807 1635 1867 qnae
1649 1809 1703 1850 non
1723 1795 1903 1854 constituunt
1917 1803 2007 1852 actum
2022 1797 2045 1850 in

410 1897 474 1938 naus
493 1882 662 1954 distinguere
676 1882 760 1940 rerba
774 1883 933 1941 irritantiaa
946 1883 1037 1941 verbis
1051 1884 1218 1958 prohibenti·
1252 1885 1506 1941 materiaiuetitiae.
1522 1883 1600 1950 Quod
1615 1881 1679 1940 licet
1691 1884 1809 1942 sortasse
1823 1899 1923 1941 rerum
1938 1887 1980 1957 sit,
1996 1900 2041 1942 non

409 1971 475 2046 bue,
496 1975 682 2046 nequeetinm
696 1973 1218 2048 1111111111111111111111111111111
1252 1980 1342 2031 111111
1362 1972 1444 2031 solvit
1462 1971 1642 2030 obtectionem
1663 1973 1764 2030 lectam
1784 1973 1819 2030 de
1843 1971 1907 2046 lege
1927 1975 2045 2044 naturali,

409 2059 541 2129 dubium,
566 2077 631 2118 cnm
648 2061 696 2119 illa
710 2063 745 2118 sit
758 2076 832 2119 mere
846 2065 973 2137 positiva,
988 2071 1017 2122 et
1030 2081 1084 2121 nnn
1098 2064 1220 2125 declaret
1251 2078 1323 2137 quae
1347 2062 1485 2121 interdum
1510 2061 1598 2120 reddit
1622 2061 1730 2120 nullum
1754 2071 1847 2121 actum
1877 2062 2046 2136 prohibitum,

410 2157 518 2209 tanturn
540 2153 585 2208 ius
605 2151 745 2225 naturale,
760 2168 827 2226 ergo
843 2156 969 2211 convenit
982 2154 1035 2212 boc
1055 2154 1140 2212 alicui
1158 2154 1218 2230 lege
1253 2155 1359 2226 etiamsi
1378 2152 1523 2226 probibitio
1538 2168 1592 2210 non
1613 2155 1748 2225 pertineat
1761 2153 1794 2210 ad
1815 2156 1961 2211 materiam
1980 2156 2047 2210 iusti·

409 2241 527 2299 naturali
539 2256 573 2297 ex
589 2249 667 2313 parte
682 2241 812 2299 materiae
824 2242 946 2300 habentis
957 2243 1079 2301 eamdem
1090 2245 1219 2302 indecen-
1253 2246 1318 2317 tiae,
1331 2244 1379 2300 sed
1393 2243 1555 2316 honestatis,
1568 2243 1610 2300 rel
1621 2245 1741 2316 pietalis,
1754 2249 1802 2300 aut
1813 2243 2012 2316 observantiae,
2023 2250 2050 2300 ut

410 2332 476 2387 tiam
492 2331 519 2387 in
531 2333 802 2404 continuatione,seu
814 2335 1023 2392 conservatione
1035 2343 1217 2408 actos,quam
1252 2343 1294 2392 est
1308 2334 1450 2406 prohibitio
1464 2333 1627 2392 matrimonii
1642 2335 1712 2391 inter
1730 2333 1846 2406 iratres,
1863 2334 1908 2392 rel
1928 2337 1996 2392 inter
2009 2350 2048 2405 pa·

412 2421 508 2478 habuit
519 2423 544 2478 in
566 2423 653 2495 prima
667 2423 819 2496 effectione,
834 2440 900 2497 erge
914 2425 987 2481 idem
1002 2425 1103 2496 poterit
1113 2426 1218 2482 eontin-
1252 2433 1323 2483 trem
1333 2432 1361 2483 et
1371 2425 1462 2497 hilam,
1473 2432 1529 2482 ete.
1542 2423 1618 2483 Unde
1629 2425 1711 2480 etiam
1722 2420 1888 2498 relinquitur
1899 2423 2046 2494 difficultas,

414 2525 480 2583 gere
496 2513 524 2568 in
545 2512 603 2585 lege
618 2513 733 2583 positiva
752 2511 912 2584 prohibente
930 2521 1035 2572 aetum.
1050 2515 1118 2571 llam
1133 2517 1156 2571 si
1174 2530 1219 2571 ea·
1252 2532 1305 2574 cur
1323 2516 1429 2573 nonsit
1449 2515 1520 2572 idem
1533 2515 1561 2570 in
1582 2514 1641 2589 lega
1655 2514 1770 2588 11111111
1784 2513 1855 2586 lata,
1872 2532 1902 2571 r.
1918 2530 1945 2588 g.
1962 2513 2049 2570 intuitu

413 2601 476 2659 dem
491 2603 578 2674 ratio,
595 2602 637 2660 rol
654 2603 806 2660 indecentia
821 2604 974 2661 inveniatur
995 2604 1020 2659 in
1039 2605 1097 2680 ipso
1111 2611 1176 2662 actu
1192 2606 1217 2661 in
1252 2605 1407 2678 religionis,
1423 2605 1444 2662 si
1464 2607 1606 2677 contingat
1626 2605 1726 2661 babere
1747 2619 1862 2662 causam
1883 2611 2046 2678 perpetuant,

413 2691 484 2750 lacto
502 2707 580 2766 esse,
596 2708 666 2766 quae
681 2694 731 2750 luit
744 2694 770 2748 in
784 2694 856 2764 lieri,
871 2693 1055 2767 intelligetur,
1072 2709 1120 2766 per
1135 2695 1217 2753 talem
1251 2712 1301 2753 seo
1315 2694 1439 2754 eamdem
1457 2697 1592 2762 rationem
1606 2697 1633 2751 in
1652 2697 1712 2767 ipsa
1726 2694 1872 2753 duratione
1893 2701 1992 2768 actos,
2006 2709 2048 2752 seu

413 2780 500 2855 legem
519 2798 572 2838 non
588 2781 677 2840 solum
693 2782 845 2854 prohiberi,
861 2782 908 2839 sed
924 2783 1005 2840 etiam
1019 2783 1136 2856 irritari,
1152 2787 1218 2857 quia
1252 2787 1369 2843 ellectua
1383 2787 1454 2859 eius,
1471 2800 1541 2858 quae
1555 2784 1608 2843 luit
1621 2786 1648 2841 in
1664 2785 1723 2857 ipso
1737 2785 1805 2842 lieri.

414 2870 440 2927 in
453 2873 655 2944 perseverantia
666 2871 741 2928 circa
752 2872 833 2929 talem
845 2879 938 2929 actum
949 2873 1142 2944 semperderet
1152 2889 1218 2930 eon·
1291 2881 1319 2934 2.
1335 2875 1395 2933 Alia
1417 2876 1515 2948 regula
1530 2873 1652 2930 eiusdem
1675 2875 1797 2931 auctoris
1810 2881 1870 2930 est:
1886 2875 1996 2943 Quoties
2013 2874 2049 2930 lex

412 2967 455 3019 tra
475 2960 574 3034 legem.
588 2963 624 3019 Et
637 2963 817 3019 confirmatur
830 2962 934 3035 primo,
950 2963 1052 3036 quinia
1067 2961 1120 3034 111
1134 2979 1217 3020 11111
1251 2965 1286 3022 ita
1301 2965 1424 3038 prohibet
1437 2964 1597 3036 simpliciter
1612 2968 1706 3022 aetram
1720 2971 1799 3021 certo
1818 2967 1914 3037 generi
1929 2981 2048 3038 persona·
2093 3019 2094 3022 ,

412 3050 520 3109 ridetur
531 3052 632 3123 optime
650 3050 775 3124 intelligi,
788 3057 816 3107 et
825 3050 933 3109 delendi
945 3053 1099 3108 eommunis
1110 3059 1218 3110 senten·
1252 3071 1333 3129 rum,
1349 3063 1382 3113 ut
1394 3055 1519 3128 designet
1531 3053 1682 3128 legitimum
1696 3061 1840 3112 auctorem
1854 3053 1947 3126 illius,
1963 3069 2049 3112 conse·
2093 3057 2094 3060 ’

412 3143 451 3199 tia
466 3156 551 3214 supra
568 3141 666 3214 relata,
679 3155 750 3212 quae
765 3143 875 3214 asserit,
888 3140 998 3214 qnando
1013 3141 1157 3214 prohibitio
1170 3143 1218 3200 ba·
1252 3151 1368 3220 quenter
1393 3146 1500 3202 irritare
1520 3151 1617 3201 actum
1637 3149 1734 3201 contra
1752 3143 1825 3201 illam
1847 3145 2047 3218 prohibitionem

413 3229 463 3289 bet
476 3245 589 3288 eausam
608 3237 787 3302 perpetuam,
803 3229 902 3288 111111
920 3232 974 3287 rim
992 3231 1129 3302 irritandi,
1146 3233 1217 3290 soili-
1253 3235 1370 3308 laetum,
1382 3236 1494 3292 etiamsi
1507 3233 1572 3290 nihil
1584 3233 1658 3290 aliud
1671 3238 1779 3305 praeter
1790 3233 2048 3305 prohibitionemea·

414 3326 476 3393 cet,
491 3323 513 3377 si
534 3322 703 3393 perpetuitas
718 3320 762 3378 illa
783 3337 836 3377 non
852 3321 986 3380 reseratur
1000 3315 1034 3378 'ad
1055 3337 1218 3396 quamcum·
1251 3323 2048 3400 111111111111111111111111111111111111111111111111

403 3429 466 3486 ,que
480 3427 594 3469 cansam
610 3411 754 3482 motivam,
771 3410 818 3468 sed
837 3411 870 3468 ad
890 3413 1068 3469 intrinsecam
1082 3414 1215 3471 rationem
1251 3415 1380 3490 regulae,
1396 3416 1442 3472 sed
1461 3415 1543 3471 variis
1556 3413 1687 3486 exemplis
1702 3412 1793 3487 legum
1812 3415 2007 3487 pertinentium
2019 3411 2048 3468 ad

411 3502 591 3575 pertinentem
611 3501 646 3558 ad
659 3502 857 3575 indecentiam,
871 3517 955 3575 qnam
968 3502 1011 3559 lex
1024 3505 1051 3559 in
1065 3509 1133 3561 actu
1149 3519 1216 3560 eon·
1252 3512 1427 3576 testamenta,
1444 3511 1472 3561 et
1485 3503 1673 3577 alienationes,
1688 3503 1762 3561 illam
1776 3504 1933 3562 confirmat.
1945 3504 1980 3561 Ut
1992 3507 2049 3559 sont

414 3593 558 3667 sideravit,
570 3593 603 3650 ad
615 3591 813 3665 prohibendum
825 3591 913 3649 illum.
923 3593 1107 3651 confirmatur
1119 3609 1217 3652 secun.-
1251 3593 1329 3668 illac,
1345 3609 1416 3668 quae
1430 3591 1575 3666 probibent
1593 3591 1729 3666 aliquibus
1743 3593 1867 3665 personis
1886 3594 1999 3664 testari,
2013 3590 2048 3647 rel

414 3680 466 3754 dog
480 3697 543 3740 narn
554 3685 661 3756 quoties
672 3682 716 3740 lex
727 3681 855 3754 probibet
866 3688 960 3739 actum
971 3681 1074 3739 intuitu
1088 3683 1216 3756 institiae,
1251 3683 1395 3757 designant
1408 3690 1514 3756 partem
1530 3682 1688 3756 legitimam,
1702 3682 1735 3740 de
1749 3699 1805 3755 qua
1819 3683 1915 3740 testari
1929 3687 2046 3755 possunt

415 3770 636 3844 tuncprobibitio
646 3771 711 3829 iacit
720 3787 780 3828 esse
792 3771 1023 3831 iniustumectnm
1035 3773 1214 3848 prohibitum
1250 3774 1318 3831 11111
1331 3773 1421 3848 leges,
1435 3788 1506 3846 quae
1519 3771 1664 3844 probibent
1683 3770 1800 3829 alienare
1818 3779 1933 3845 propter
1947 3773 2048 3843 incapa-

414 3877 481 3936 ergo
493 3877 602 3934 semper
612 3849 674 3918 talis
685 3861 727 3919 lea
741 3863 831 3918 irritat
842 3869 946 3934 actum,
955 3865 1018 3936 quia
1031 3879 1138 3936 semper
1149 3864 1217 3922 obll-
1231 3847 1235 3856 ’
1251 3864 1375 3937 citatem,
1387 3861 1534 3920 iudicatam
1546 3861 1702 3920 secundum
1715 3861 1832 3936 aliquem
1843 3861 1959 3920 modum
1970 3861 2048 3933 alege

414 3957 462 4025 gal
475 3951 509 4009 ad
524 3950 672 4009 tollendam
686 3950 845 4007 iniustitiam
859 3951 978 4021 laetam,
1003 3959 1031 4009 et
1045 3968 1216 4027 consequen·
1251 3955 1463 4026 praescriptum.
1479 3954 1509 4008 ln
1528 3952 1580 4008 111
1595 3967 1662 4010 1111
1682 3951 1780 4026 regula
1794 3953 1819 4010 in
1840 3955 1938 4027 primis
1952 3949 2049 4008 deside·

415 4049 458 4100 ter
474 4040 578 4114 obligat
591 4040 616 4097 11
632 4037 799 4097 11111111111
810 4041 844 4098 11
860 4041 1071 4117 restituendum,
1080 4045 1108 4100 11
1122 4043 1156 4100 11
1170 4043 1218 4102 11·
1251 4050 1330 4104 ratur
1344 4043 1455 4116 propria
1469 4044 1528 4099 eius
1543 4042 1671 4100 rettulit
1684 4050 1828 4116 praeterea
1841 4044 1868 4100 ln
1882 4044 1977 4102 multis
1990 4041 2048 4114 legi·

341 4149 346 4160 ·
414 4129 534 4190 bendum
550 4147 601 4204 pro
622 4132 739 4202 inlecto,
755 4130 829 4204 qnod
848 4131 953 4189 lactum
968 4132 1070 4204 luerat,
1084 4133 1159 4207 quod
1174 4142 1218 4192 est
1251 4133 1303 4191 hus
1317 4131 1400 4189 rideri
1412 4131 1578 4204 1111111111
1589 4133 1687 4205 regula
1701 4147 1856 4206 repugnare
1870 4129 2046 4206 praecedenti.

416 4221 557 4278 annullare
580 4227 684 4278 actum.
701 4223 825 4294 lienique
844 4219 897 4277 hoc
917 4218 997 4278 mode
1012 4221 1138 4279 ridentur
1156 4224 1217 4280 irri·
1250 4225 1318 4280 llam
1341 4223 1416 4280 iuxta
1438 4216 1510 4279 hanc
1534 4221 1658 4295 reguiam
1683 4221 1725 4279 lex
1749 4223 1894 4295 prohibens
1924 4225 2048 4280 minorem

416 4318 473 4369 tare
491 4319 583 4370 actum
599 4310 702 4368 multae
717 4310 791 4384 leges
805 4309 909 4384 civiles,
931 4326 1003 4384 quae
1023 4313 1060 4369 ita
1073 4311 1218 4385 probibent
1252 4311 1390 4370 sexdecim
1410 4327 1544 4369 annerum
1559 4311 1688 4386 proliteri,
1704 4312 1824 4369 irritaret
1840 4319 1936 4371 aetum
1957 4317 2047 4369 contra

416 4409 521 4474 actum,
535 4407 566 4459 ut
579 4402 602 4458 si
616 4403 663 4458 liat
673 4407 772 4458 111111
785 4400 885 4474 legem,
898 4401 1013 4458 1111111
1028 4402 1151 4460 iniuriam
1162 4409 1218 4461 ter·
1250 4401 1323 4458 illam
1336 4403 1440 4459 lactum
1450 4417 1484 4459 ex
1495 4400 1521 4456 vi
1534 4400 1733 4474 prohibitionis,
1745 4402 1851 4460 etiamsi
1865 4401 1984 4476 amplius
1994 4415 2043 4457 non

416 4493 464 4564 tii,
481 4498 513 4550 ut
528 4491 571 4549 lax
584 4491 733 4564 prohibens
747 4490 892 4549 meliorare
907 4491 991 4549 filium
1006 4492 1078 4549 ultra
1096 4495 1215 4568 tertiam,
1250 4491 1428 4565 procederet,
1443 4491 1507 4565 quia
1520 4497 1561 4547 est
1579 4490 1623 4548 lex
1637 4489 1783 4563 prohibens
1801 4497 1897 4549 return
1908 4499 1995 4578 ,certo
2008 4505 2049 4564 ge·

416 4587 465 4638 aut
481 4581 592 4638 similes:
605 4581 668 4638 illae
683 4583 793 4639 enimin
807 4583 975 4640 conscientia
989 4581 1118 4657 obligant,
1127 4591 1155 4641 et
1168 4585 1217 4642 im·
1252 4581 1311 4638 1111
1320 4596 1514 4654 personarum,
1529 4585 1562 4635 ut
1573 4580 1670 4654 regula
1681 4579 1757 4637 dicit.
1770 4581 1950 4654 Consequens
1964 4586 2049 4638 autent

415 4671 530 4743 pediunt
540 4673 660 4729 valorem
676 4678 767 4746 actus,
778 4673 883 4730 etiamsi
893 4672 935 4731 lex
950 4689 999 4746 per
1012 4675 1097 4733 rerba
1110 4681 1217 4736 tantum
1251 4678 1280 4729 et
1293 4678 1337 4730 est
1350 4671 1471 4741 laisum,
1488 4677 1520 4727 ut
1537 4675 1646 4727 constat
1661 4685 1695 4727 ex
1714 4672 1775 4727 iure
1788 4671 1917 4745 antiqno,
1933 4677 1962 4728 et
1974 4683 2049 4741 repo·

415 4760 589 4833 prohibentia
603 4761 762 4834 loquantur.
1251 4767 1318 4836 gnat
1332 4761 1415 4834 prlnri
1430 4760 1552 4834 regulae,
1568 4760 1633 4834 qnia
1647 4757 1689 4816 illa
1704 4759 1848 4832 probibitio
1863 4775 1917 4816 non
1933 4759 1963 4817 lit
1978 4755 2048 4815 titolo

455 4853 569 4923 Propter
584 4849 633 4908 has
652 4852 820 4922 posteriores
834 4852 954 4909 rationes
970 4850 1052 4910 videri
1067 4860 1218 4926 11111111·
1251 4849 1439 4924 1111111111
1454 4851 1602 4924 religionis.
1616 4847 1695 4916 erod
1711 4849 1732 4906 si
1747 4849 1814 4907 baec
1829 4849 1927 4923 regula
1940 4848 2048 4908 restrin-

415 4941 576 5013 cessarium,
592 4941 709 5014 aliquam
723 4927 912 5013 exceptionem
927 4941 1027 5001 111111
1040 4944 1160 5017 generali
1174 4961 1217 5003 re·
1250 4948 1331 5016 gatur
1342 4941 1376 4999 ad
1389 4940 1477 5014 legem
1490 4938 1678 5012 prohibentem
1689 4939 1792 4998 intuitu
1806 4939 1934 5011 iustitiae,
1947 4939 1986 4995 sic
2000 4950 2048 4993 non

414 5029 494 5104 gulae
508 5045 592 5102 snpra
612 5032 715 5103 positae
728 5030 753 5086 in
775 5031 862 5103 prima
875 5032 1034 5090 assertione.
1050 5034 1087 5090 Et
1104 5033 1140 5090 ita
1155 5051 1216 5094 sen·
1251 5039 1335 5091 erunt
1348 5031 1382 5087 ad
1398 5045 1457 5088 rem
1470 5028 1612 5104 exempla,
1628 5043 1699 5103 quae
1714 5029 1865 5087 alternatur
1878 5028 1912 5086 de
1927 5025 2045 5100 prodige,

413 5123 447 5176 tit
460 5120 542 5194 Vasq.
556 5118 631 5177 dicta
644 5119 715 5192 disp.
733 5123 796 5194 161,
808 5136 870 5194 111.
881 5126 908 5194 3,
926 5122 972 5179 ubi
987 5123 1091 5196 aliquas
1105 5126 1215 5198 regulas
1250 5123 1296 5195 cui
1315 5119 1469 5194 prohibitus
1482 5127 1525 5177 est
1543 5119 1677 5192 alienare,
1692 5119 1756 5193 quia
1775 5120 1820 5176 illa
1838 5118 1983 5191 prohibitio
1998 5129 2046 5171 non

413 5210 557 5267 constituit
572 5209 605 5267 ad
625 5209 850 5282 discernendum,
866 5211 976 5286 qnando
991 5228 1023 5269 ex
1037 5220 1115 5284 parte
1129 5221 1215 5272 mate·
1249 5212 1278 5269 lit
1291 5210 1369 5269 titulo
1387 5209 1490 5268 vitandi
1504 5210 1677 5281 iniustitiam,
1694 5209 1741 5266 sed
1762 5209 1862 5266 vitandi
1877 5207 2047 5281 prodigalite-

412 5299 482 5372 riae,
507 5297 549 5358 vel
563 5314 596 5357 11
617 5301 720 5358 nrotirc
739 5299 806 5374 legis
827 5299 997 5374 prohibentis
1017 5303 1106 5375 colligi
1126 5305 1214 5375 possit
1250 5309 1307 5362 1111
1317 5308 1346 5361 11
1355 5300 1560 5376 dissipationem
1570 5300 1761 5359 concremat
1770 5297 1893 5358 similiter
1904 5298 1947 5356 les
1962 5295 2047 5372 probi·
