4232 6220
894 396 1048 448 muana.
1668 383 1730 447 655

161 524 222 582 &Et
232 537 266 582 ox
276 520 691 597 hacdillerentiasequituralia,
701 523 842 594 nimirum,
853 522 932 579 adiu·
967 529 1022 591 tet,
1039 529 1070 580 ut
1086 519 1186 595 eliquid
1209 521 1348 580 tribuatur
1362 524 1486 596 propriae
1500 524 1552 598 legi
1566 530 1694 598 tanquam
1709 525 1772 582 effe-

181 617 234 670 ‘um
255 613 359 686 gratiae
373 613 451 684 longe
466 611 650 670 abundantius
665 612 723 670 dari
738 614 765 668 in
778 613 830 669 hoc
845 617 931 682 statu,
967 618 1031 668 ctus
1050 613 1129 682 eius,
1140 627 1195 667 non
1209 627 1269 667 esse
1285 613 1488 683 necessarium,
1504 621 1535 670 ut
1549 613 1582 670 ab
1596 613 1640 670 illa
1655 613 1773 670 turmali·

204 721 214 755 ε
233 704 257 758 in
278 701 521 775 praecedentibus,
542 703 617 759 iuxta
631 702 697 759 illud
712 705 786 759 loen.
805 703 837 760 i:
854 705 934 758 Noa·
967 701 1076 770 tertiat,
1088 701 1200 757 sicuttit
1212 700 1339 772 obligatio
1352 700 1393 771 lut
1405 702 1481 759 molti
1499 701 1673 775 loquuntur),
1684 718 1772 774 neque

225 795 284 848 *rot
297 794 421 866 spiritus
432 788 531 858 dotus,
546 794 712 864 putaresne
722 789 853 847 nondum
868 795 934 848 eret
967 791 1047 846 etiam
1069 795 1100 845 ut
1112 789 1235 845 effective
1250 789 1284 844 ab
1300 787 1343 846 illa
1358 791 1465 861 lantper
1479 792 1595 862 seipsam
1613 799 1740 862 tanquam
1756 805 1771 847 a

249 885 331 946 otus,
356 880 431 953 quod
452 879 559 936 dictum
578 878 689 952 quidem
710 885 751 936 est
772 879 804 936 de
825 878 934 950 speciali
967 895 1053 937 eausa
1071 879 1211 951 proxima,
1226 885 1255 934 ει
1268 895 1317 951 per
1331 895 1360 935 se
1376 880 1487 950 morali,
1504 880 1643 952 quomodo
1659 879 1772 938 irritatio

271 970 359 1025 saneti
380 969 498 1026 adventu
519 969 545 1024 in
568 967 610 1025 die
631 971 820 1038 Pentecosten
843 975 933 1025 tameo
968 977 1060 1039 actus,
1076 975 1124 1025 aut
1138 983 1236 1040 poene,
1254 968 1295 1024 vel
1310 967 1465 1024 inhabilitae
1479 968 1624 1041 aliquando
1636 971 1665 1026 fit
1679 969 1772 1026 imme·

286 1057 400 1114 ortione
420 1057 551 1128 applicari
572 1062 661 1128 potest
686 1058 720 1114 ad
740 1055 933 1113 abundantiam
968 1058 1039 1115 diate
1055 1072 1103 1128 per
1118 1057 1216 1129 legem,
1235 1055 1283 1112 sed
1298 1056 1427 1113 sullioere
1439 1057 1586 1128 interdurn,
1601 1063 1632 1113 ut
1644 1057 1771 1114 observa·

267 1147 338 1203 ,uius
357 1153 446 1203 status
462 1147 614 1217 propriam,
630 1161 701 1218 quoe
715 1148 741 1202 in
756 1145 801 1202 illo
816 1145 933 1202 adventu
968 1150 1052 1218 tione,
1069 1147 1111 1202 vel
1127 1145 1345 1218 transgressione
1361 1145 1429 1218 legis
1444 1148 1506 1203 telis
1519 1147 1634 1203 effectus
1646 1162 1773 1204 necessa·

239 1243 298 1306 ata,
320 1243 349 1293 et
366 1235 569 1309 quodammodo
588 1235 716 1292 inchoata
731 1242 785 1304 eet,
803 1241 834 1292 ut
849 1235 934 1291 sancti
969 1236 1211 1308 rio'consequatur
1222 1251 1255 1292 ex
1267 1235 1291 1290 ii
1302 1234 1381 1308 legis,
1395 1250 1442 1292 seu
1455 1236 1639 1306 institutionis,
1652 1236 1693 1292 vel
1709 1252 1774 1309 pro·

193 1332 357 1397 pretentur.
381 1325 414 1382 lit
434 1325 469 1381 ob
490 1325 561 1382 hanc
580 1327 660 1382 etiam
682 1340 794 1382 causam
809 1323 850 1380 les
867 1325 934 1380 haec
969 1325 1105 1381 missionis
1126 1339 1175 1394 per
1194 1325 1280 1396 ipsam
1300 1323 1384 1380 lacta.
1401 1325 1446 1380 Sic
1462 1325 1534 1381 enim
1548 1324 1663 1382 ir'ritatio
1678 1333 1770 1399 actus,

153 1417 228 1472 ,erite
249 1415 350 1472 dicitur
368 1431 417 1487 per
436 1415 650 1471 antonomasiam
665 1415 707 1471 lex
721 1416 835 1487 gratioe,
850 1421 878 1470 ει
892 1414 934 1470 lca
969 1415 1012 1470 vel
1033 1421 1119 1486 po'ena
1139 1418 1182 1468 est
1195 1413 1310 1468 effectus
1325 1413 1406 1485 legis,
1423 1429 1476 1470 non
1492 1414 1581 1471 solum
1597 1413 1708 1486 qrrendo
1722 1431 1772 1487 per

131 1505 293 1576 iustiticens,
310 1511 336 1561 et
352 1507 448 1576 iugum
463 1520 559 1577 suave,
576 1520 608 1562 ao
622 1503 728 1576 similia,
741 1519 811 1576 quae
828 1504 878 1578 legi
890 1519 936 1560 ve·
972 1505 1057 1576 ipsam
1074 1503 1161 1576 legem
1173 1503 1326 1559 immediate
1338 1504 1415 1575 liunt,
1428 1503 1476 1560 sed
1487 1503 1689 1576 etiamqnando
1701 1505 1771 1563 liunt

133 1593 184 1648 teri
199 1593 310 1649 attribui
324 1608 377 1649 non
391 1599 518 1664 possunt.
970 1609 1019 1666 per
1039 1592 1155 1651 iudicem
1177 1591 1330 1649 secundum
1351 1591 1437 1666 legem
1460 1600 1629 1664 operantem.
1651 1593 1687 1650 Et
1705 1596 1772 1650 ratio

172 1685 200 1740 l.
213 1683 311 1739 Adbuc
323 1698 389 1739 rero
401 1682 552 1739 difficultas
564 1689 692 1754 superest
703 1683 778 1740 eirca
789 1682 860 1740 bunc
875 1699 936 1738 seo·
971 1687 1013 1739 est
1031 1682 1122 1753 clara,
1143 1682 1208 1754 quia
1227 1686 1294 1737 tunc
1309 1681 1388 1737 etiam
1406 1681 1445 1738 lea
1461 1687 1627 1753 cooperetur
1640 1682 1674 1739 ad
1691 1683 1771 1740 talam

132 1771 257 1841 tentiam,
271 1778 299 1828 et
313 1772 484 1846 doctrinam,
499 1787 561 1830 nam
576 1771 642 1828 lieet
654 1773 746 1846 quoad
757 1789 800 1844 ea,
815 1787 885 1844 quae
897 1773 936 1828 al·
970 1774 1110 1844 ellectum,
1122 1772 1216 1829 saitem
1229 1771 1324 1828 morali
1336 1770 1416 1827 modo
1427 1771 1587 1843 impellendo
1599 1779 1627 1828 ει
1638 1771 1772 1830 movendo

131 1860 223 1916 firmat
236 1861 269 1918 de
284 1861 381 1933 spiritu
395 1862 517 1934 gratiae,
531 1861 606 1918 etde
621 1862 783 1918 necessitate
805 1861 894 1934 illius,
908 1869 936 1920 ει
971 1863 1089 1920 iudicem
1103 1860 1137 1918 ad
1152 1861 1238 1917 illum.

132 1949 256 2012 efficacia
275 1950 384 2007 eiusad
399 1948 700 2022 iustificandum,ctde
716 1951 874 2023 largitione,
892 1950 935 2008 vel
1010 1954 1037 2008 6.
1053 1949 1117 2007 ὓίεο
1131 1964 1212 2021 ergo,
1229 1949 1315 2021 legem
1329 1964 1442 2019 noram,
1461 1948 1543 2006 etiam
1558 1955 1588 2006 ut
1602 1951 1713 2020 propria
1730 1949 1772 2006 lex

132 2038 287 2096 obtentione
307 2039 379 2095 illius
395 2053 446 2112 per
460 2038 614 2109 Christum,
634 2045 663 2096 ει
677 2039 756 2096 tidem
769 2043 840 2112 eius,
856 2040 934 2097 etde
969 2047 1033 2112 est,
1050 2038 1214 2105 iustificare,
1235 2037 1408 2110 cooperando
1428 2037 1519 2112 aliquo
1534 2039 1661 2095 modoad
1678 2039 1774 2095 iustifi-

132 2125 294 2184 discrimine·
302 2128 502 2185 inter'veterem
512 2129 598 2202 legem
612 2138 641 2185 et
655 2144 751 2185 noram
762 2129 853 2201 quoad
865 2128 934 2186 banc
969 2129 1105 2209 sationem
1128 2129 1155 2183 in
1178 2143 1228 2184 suo
1244 2143 1362 2201 genere,
1377 2135 1406 2184 et
1426 2144 1479 2184 uon
1500 2127 1672 2186 excludendo
1692 2127 1773 2185 aliam

133 2223 251 2288 partem,
268 2233 332 2274 rere
346 2218 409 2289 sint,
422 2225 551 2292 recteque
563 2218 741 2289 satisfaciant,
760 2217 935 2277 nibilominus
969 2234 1098 2290 oausam,
1120 2218 1162 2274 vel
1188 2217 1345 2290 formalem,
1361 2217 1402 2273 vel
1423 2217 1587 2274 efficientem
1608 2218 1695 2292 magis
1710 2233 1774 2289 pro·

134 2305 226 2380 quood
246 2306 325 2363 aliam
347 2313 450 2377 partem
472 2308 538 2382 legis
558 2323 659 2380 norae,
682 2323 752 2382 quae
766 2310 893 2366 consistit
907 2310 934 2365 in
969 2311 1115 2382 pinquarrr,
1130 2314 1159 2364 et
1183 2308 1322 2379 propriam
1343 2306 1466 2366 eiusdem
1481 2307 1689 2364 iustificationis.
1708 2309 1775 2363 Pro·

132 2393 293 2452 collectione
313 2404 525 2468 praeceptorum
548 2397 635 2470 lqrrae
649 2399 676 2452 in
691 2399 792 2454 ratione
809 2400 935 2470 propriae
969 2397 1051 2455 batur
1063 2399 1163 2470 primo,
1182 2397 1247 2469 quia
1262 2411 1310 2467 per
1325 2395 1394 2451 bunc
1409 2396 1494 2468 legem
1509 2397 1634 2453 instituta
1648 2406 1714 2453 sunt
1729 2411 1774 2453 se·

133 2482 200 2556 legis
212 2488 255 2540 est
264 2485 438 2564 praecipual,
452 2501 505 2541 non
518 2485 625 2543 ridetur
635 2502 684 2558 per
695 2486 767 2543 illam
782 2486 935 2544 doctrinam
969 2494 1126 2558 eramenta,
1143 2501 1213 2559 quae
1227 2488 1332 2542 ratione
1346 2485 1407 2541 talis
1422 2485 1597 2541 institutionis
1609 2484 1709 2542 habent
1720 2487 1773 2542 rim

133 2573 858 2649 satisfactum,quianonrideturomniuonegandum,
868 2579 934 2650 quin
968 2577 1133 2634 laetificandi
1149 2574 1221 2648 apud
1233 2578 1330 2644 Deum,
1346 2591 1412 2648 ergo
1423 2574 1475 2631 hoc
1492 2575 1569 2651 titulo
1585 2589 1648 2631 vero
1662 2591 1694 2632 ae
1710 2591 1775 2648 pro·

132 2660 176 2718 lex
191 2663 307 2736 gratiae,
321 2663 402 2720 etiam
417 2665 457 2720 sic
473 2672 592 2736 sumpte,
604 2665 697 2736 aliquo
712 2664 793 2722 modo
808 2666 936 2724 laetificet
969 2669 1026 2737 pris
1040 2665 1144 2723 dicitur
1154 2666 1196 2723 lex
1208 2665 1276 2722 baec
1287 2667 1446 2721 iustificare.
1460 2665 1629 2722 antecedens
1646 2681 1773 2738 suppono

132 2751 239 2808 ratione
261 2753 319 2818 eui,
339 2758 366 2808 et
386 2767 439 2808 non
458 2759 566 2810 tantum
585 2756 690 2811 ratione
708 2754 845 2824 adiuncti,
862 2756 936 2830 quod
969 2760 1102 2829 ‘tanquam
1122 2761 1230 2812 eertum
1245 2769 1278 2810 ex
1293 2755 1410 2810 concilio
1424 2752 1535 2811 trident.
1551 2770 1620 2810 sess.
1639 2757 1666 2828 i,
1688 2759 1731 2825 ta,
1746 2760 1775 2811 et

131 2849 175 2899 est
195 2843 293 2915 gratia.
314 2844 383 2900 Nam
397 2845 420 2899 si
434 2843 487 2900 hoc
503 2850 594 2915 potest
607 2843 750 2901 commode
765 2845 893 2918 intelligi,
909 2852 936 2902 et
975 2848 1019 2916 tl,
1030 2851 1059 2902 et
1071 2860 1105 2902 ex
1120 2846 1232 2901 materia
1245 2842 1278 2899 de
1290 2845 1481 2900 sacrementis.
1493 2844 1696 2916 Consequentia
1707 2859 1773 2902 vero

132 2931 274 3004 explicari,
287 2947 344 2988 non
357 2930 645 3003 ridetur-negandum,
659 2949 723 2989 cum
739 2932 773 2989 ad
789 2934 936 3007 perlectio-
969 2935 1102 3006 probetur
1113 2949 1145 2990 ex
1157 2933 1340 3006 declaratione
1352 2933 1439 3004 laeta,
1452 2934 1516 3006 quin
1527 2933 1642 2990 edoctus
1653 2933 1697 2991 ille
1709 2949 1775 3007 pen·

131 3037 196 3078 nem
207 3022 274 3094 legis
286 3021 465 3092 pertineet,et
475 3021 541 3078 haec
552 3022 684 3094 perlectio
696 3026 730 3080 sit
742 3027 857 3082 maximo
869 3041 936 3082 coo·
969 3023 1016 3080 det
1029 3038 1062 3080 ea
1080 3023 1262 3094 institutione,
1277 3029 1306 3078 ει
1318 3023 1454 3078 institutio
1468 3023 1586 3095 exlege,
1599 3038 1664 3095 ergo
1676 3024 1718 3080 lex
1731 3029 1775 3080 est

131 3117 263 3168 scotanea
277 3111 452 3168 excellentiae
466 3111 549 3169 huius
563 3113 643 3186 legis,
655 3120 683 3170 et
696 3112 849 3170 secundum
862 3114 934 3171 illam
970 3128 1056 3171 cansa
1077 3113 1173 3170 saltem
1194 3113 1322 3184 moralis,
1338 3128 1354 3169 a
1374 3127 1428 3185 que
1450 3113 1552 3184 pendet
1572 3112 1634 3170 talis
1647 3113 1777 3170 effeetus:

132 3200 263 3273 proprius
281 3201 432 3272 explicetur
452 3199 497 3257 hio
519 3201 635 3257 effectus
654 3209 781 3274 respectu
800 3201 864 3274 legis
887 3219 935 3260 no·
969 3204 1039 3260 item
1060 3204 1126 3275 quia
1145 3202 1205 3258 talis
1225 3201 1268 3258 lex
1283 3203 1397 3272 inostro
1417 3201 1498 3258 modo
1512 3201 1676 3274 intelligendi
1690 3210 1719 3258 et
1734 3202 1773 3258 lo·

131 3299 207 3360 vae,'
222 3295 252 3347 et
271 3287 422 3347 differentia
441 3292 502 3348 eius
521 3305 537 3346 a
558 3290 616 3363 lege
638 3292 724 3348 veteri
744 3293 771 3347 iu
786 3291 882 3349 eodem
897 3292 935 3349 el·
970 3290 1090 3363 quendit
1108 3291 1185 3363 poesi
1201 3289 1301 3362 obligat
1315 3292 1418 3364 Deum,
1433 3297 1461 3348 et
1480 3293 1671 3347 necessitatem
1688 3292 1775 3363 impo-

131 3380 220 3437 iectu.
784 3423 786 3428 .
970 3380 1010 3436 nit
1023 3379 1188 3436 iustitioandi
1208 3379 1343 3436 hominem
1363 3381 1403 3436 sic
1422 3379 1597 3436 accedentem
1612 3379 1647 3436 ad
1662 3381 1713 3437 tale
1730 3396 1775 3437 se·

174 3477 201 3529 5.
217 3469 332 3528 videaur
351 3485 418 3543 ergo
438 3470 504 3527 satis
525 3469 699 3542 probabiliter
717 3470 771 3526 dici
792 3485 888 3543 posse,
908 3471 936 3526 in
970 3474 1157 3539 crementum,
1172 3483 1239 3540 ergo
1262 3467 1303 3524 les
1324 3468 1406 3526 etiam
1426 3477 1470 3525 est
1484 3481 1569 3525 causa
1584 3469 1644 3524 talis
1658 3469 1774 3526 effeetus

131 3559 227 3633 aliquo
241 3573 325 3617 sensu
340 3559 450 3632 proprio
464 3561 611 3616 convenire
625 3559 676 3633 legi
690 3575 785 3631 novae,
798 3575 847 3633 per
858 3575 936 3633 prae·
971 3557 996 3612 in
1012 3575 1063 3614 suo
1077 3572 1186 3630 genere.
1201 3557 1320 3630 lienium
1333 3556 1533 3615 declaraturos
1549 3559 1728 3630 proportione
1739 3558 1774 3616 ad
1843 3605 1848 3614 .

131 3655 215 3721 cepta
229 3664 279 3705 sua
293 3649 449 3706 iustificare.
466 3648 506 3704 Ad
519 3649 593 3722 quod
606 3649 797 3720 explicandum
809 3649 934 3721 adverto,
971 3646 1058 3718 legem
1084 3652 1220 3717 veterem,
1237 3660 1300 3702 nam
1322 3647 1366 3702 illa
1385 3647 1486 3704 dicitur
1501 3649 1665 3704 iustificasse
1683 3647 1776 3722 quoad

131 3740 223 3811 legem
236 3737 379 3800 collective
394 3743 533 3808 sumptam
546 3739 592 3812 (ut
603 3738 646 3793 hic
658 3736 811 3811 loquimur)
826 3753 880 3794 non
893 3753 937 3793 so·
971 3736 1175 3792 iustificationes
1190 3735 1297 3808 carnis,
1309 3741 1339 3792 ιιι
1351 3736 1390 3792 eit
1403 3737 1506 3792 Paulus
1520 3736 1554 3793 ad
1567 3736 1649 3794 liebr.
1665 3737 1693 3811 9,
1705 3739 1774 3810 quia

131 3826 192 3883 lum
212 3824 353 3883 includere
368 3833 514 3898 praecepta
529 3832 561 3882 ut
574 3827 731 3898 obligantis,
747 3826 795 3884 sed
810 3828 891 3884 etiam
906 3833 938 3883 ut
969 3826 1131 3883 instituebat
1148 3833 1334 3897 sacramenta,
1349 3841 1421 3897 quae
1440 3825 1578 3883 habebant
1591 3829 1644 3884 viru
1663 3825 1774 3884 tollendi

131 3915 302 3973 instituentis
323 3916 404 3974 talem
425 3921 526 3972 statum
541 3916 624 3988 legis,
640 3921 668 3972 et
680 3917 744 3973 talia
756 3917 935 3974 fundamenta
971 3914 1158 3971 immunditias
1169 3914 1252 3987 legis,
1265 3929 1331 3987 ergo
1342 3915 1420 3972 simili
1434 3915 1516 3972 modo
1529 3907 1631 3974 dicitor
1648 3916 1691 3974 lex
1704 3932 1774 3975 nora

129 4004 207 4063 illius
226 4005 461 4078 congregationis,
482 4019 530 4060 seu
549 4005 708 4074 Ecclesiae,
724 4020 774 4076 pro
788 4021 842 4078 qua
855 4005 938 4062 datur
971 4003 997 4060 in
1018 4019 1070 4060 auo
1097 4003 1192 4061 ordine
1206 4003 1296 4060 altiori
1314 4003 1463 4061 iustificare
1478 4005 1671 4082 spiritualiter,
1686 4013 1715 4064 et
1726 4021 1775 4065 eo·

132 4095 197 4151 talia
218 4093 270 4152 lea.
290 4094 360 4151 Talis
381 4097 452 4151 enim
473 4094 607 4151 institutio
620 4095 737 4166 positiva
750 4101 811 4168 ast,
827 4101 855 4151 et
867 4096 937 4151 inter
970 4109 1029 4150 reru
1044 4096 1109 4166 Deo,
1129 4093 1194 4166 quia
1208 4092 1326 4148 instituit
1339 4101 1512 4150 sacramenta
1526 4093 1651 4152 habentia
1666 4097 1719 4152 rim
1734 4096 1775 4152 iu·

132 4185 250 4242 effectos
269 4185 338 4259 legis
359 4190 535 4254 numeratur,
552 4189 681 4256 utsupra
695 4185 770 4240 circa
784 4184 872 4258 legem
886 4182 935 4239 hu·
971 4183 1113 4239 stificandi.
1136 4183 1180 4238 Sic
1200 4180 1268 4237 dixit
1286 4182 1422 4239 blacarius
1442 4190 1552 4260 aegypt.
1569 4184 1660 4240 homil.
1677 4187 1724 4243 tl.
1739 4184 1774 4242 de

131 4290 255 4348 manum,
270 4282 299 4332 et
311 4276 386 4332 circa
400 4274 486 4347 legem
504 4280 622 4330 veterem
637 4272 784 4345 explicavi,
799 4275 864 4346 quia
882 4289 936 4329 non
970 4273 1106 4348 allegoriis
1118 4271 1283 4346 legisdpud
1295 4271 1356 4329 illos
1368 4272 1504 4344 baptisma
1515 4272 1703 4331 sanctificabat
1714 4286 1776 4331 oar·

132 4365 165 4420 tit
180 4365 235 4419 sine
249 4363 341 4436 aliqua
356 4361 520 4434 obligatione
534 4358 568 4417 ad
581 4361 660 4418 talem
672 4361 867 4418 institutionem
879 4376 938 4417 ser·
970 4379 1052 4433 nem,
1069 4361 1142 4435 apud
1161 4378 1211 4419 nos
1230 4369 1323 4419 eutem
1337 4369 1379 4419 εει
1393 4363 1526 4434 baptisma
1542 4363 1631 4421 sancti
1645 4363 1773 4439 Spiritus,

131 4451 261 4510 eandam.
283 4454 350 4508 item
370 4451 422 4509 sub
443 4450 553 4523 propria
573 4449 632 4523 lege
652 4466 706 4509 uon
727 4458 835 4509 tantum
853 4451 937 4524 impe·
970 4461 999 4510 ει
1016 4454 1104 4528 ignis,
1118 4458 1147 4509 et
1160 4452 1231 4526 alia,
1246 4466 1317 4525 quae
1331 4453 1520 4525 prosequitur.
1537 4455 1628 4526 Atque
1642 4451 1713 4510 hane
1724 4450 1775 4509 do·

130 4545 225 4615 rium,
242 4541 290 4599 sed
308 4541 388 4598 etiam
404 4540 546 4612 promissio
561 4539 597 4597 illi
611 4540 715 4598 adnexa
729 4540 936 4614 comprehendi·
971 4545 1088 4601 ctrinanr
1100 4539 1217 4599 tradunt
1227 4539 1270 4598 hic
1284 4543 1378 4615 Sotue,
1394 4540 1508 4614 liedina,
1523 4542 1656 4612 Valentia,
1672 4547 1701 4598 ct
1715 4541 1773 4614 alil,

134 4639 194 4705 tur;
214 4639 272 4687 tum
294 4633 357 4704 quie
380 4631 566 4686 accessorium
587 4631 711 4703 sequitur
733 4631 896 4702 principale,
911 4638 938 4688 et
971 4633 1019 4705 qui
1047 4647 1099 4688 non
1121 4630 1233 4700 dicunt,
1255 4632 1344 4688 solum
1365 4631 1418 4688 hoo
1440 4631 1571 4690 interesse
1596 4633 1666 4688 inter
1686 4630 1775 4704 legem

135 4721 189 4778 sub
208 4720 279 4777 illius
299 4719 478 4793 appellatione
498 4719 755 4792 comprehenditur,
772 4721 935 4788 tumeliam,
972 4736 1071 4779 novam
1085 4728 1111 4778 ει
1125 4726 1260 4791 veterem,
1276 4736 1327 4778 nec
1342 4728 1455 4794 propter
1469 4721 1538 4779 hanc
1559 4721 1645 4779 solem
1660 4735 1775 4780 causam
1832 4750 1836 4759 ,

134 4811 202 4885 quia
220 4811 295 4867 siout
317 4809 490 4866 comminatio
510 4816 552 4865 est
566 4808 700 4881 quaedam
714 4824 777 4881 pars
792 4810 860 4882 legis
873 4826 937 4882 poe·
970 4808 1058 4883 legem
1073 4826 1171 4867 novam
1185 4811 1343 4884 iustificare,
1360 4809 1407 4866 sed
1423 4810 1492 4867 hanc
1503 4827 1564 4867 esse
1576 4827 1657 4867 unam
1669 4827 1702 4868 ex
1717 4811 1776 4870 sul·

131 4899 215 4972 nelis,
230 4901 266 4956 ita
281 4899 425 4972 promissio
439 4906 557 4970 estpars
573 4897 640 4971 legis
655 4897 813 4967 directione,
824 4905 852 4956 et
863 4899 938 4957 iaro-
971 4900 1124 4958 finientibus
1146 4899 1298 4957 rationibus
1319 4907 1346 4957 et
1365 4916 1447 4957 unam
1461 4915 1495 4958 ex
1508 4900 1678 4958 excellentiis
1693 4901 1775 4959 buius

130 4988 235 5047 rabilis.
253 4989 330 5048 Unde
349 4989 394 5060 lit,
414 4993 446 5045 ut
464 4989 537 5045 sicut
551 5003 637 5060 poena
656 4987 758 5045 dicitur
772 4988 886 5046 ellectus
901 4991 938 5046 le·
972 4990 1040 5064 legis
1060 5006 1145 5064 supra
1161 4996 1303 5061 ueterem,
1318 4997 1346 5047 ει
1366 4993 1403 5047 ita
1424 4989 1550 5048 doctrina
1563 4997 1606 5048 est
1621 4991 1774 5064 verissima,

130 5081 192 5152 gis,
213 5079 248 5134 ite
268 5079 350 5146 etiam
372 5079 522 5148 praemium
537 5076 597 5151 lege
611 5078 777 5150 promissum
792 5078 861 5134 inter
875 5077 938 5135 elle-
972 5086 1001 5138 ει
1021 5080 1087 5136 satis
1110 5085 1293 5137 consentanea
1313 5079 1427 5138 decreto
1447 5080 1563 5153 Eugenii
1583 5094 1669 5154 papae
1683 5083 1709 5138 in
1724 5082 1775 5138 tine

132 5174 200 5226 ctus
216 5167 281 5240 legis
292 5163 508 5242 computandum
522 5166 567 5234 sit,
581 5166 647 5223 utin
659 5166 845 5239 superioribus
856 5169 938 5226 etiam
973 5169 1080 5228 concilii
1095 5169 1239 5227 dorentini.

129 5263 277 5315 ostensum
291 5263 343 5314 εει.
364 5257 403 5314 lia
420 5254 717 5330 quostiemedaertere
729 5257 937 5330 moainrcopor-
1014 5263 1041 5318 l.
1057 5258 1156 5316 Deinde
1177 5258 1326 5333 probatur,
1345 5264 1373 5314 ει
1392 5257 1546 5331 explicatur
1567 5260 1697 5336 assertio,
1712 5260 1776 5334 quie
