4190 6234
747 435 967 486 maurxvru.
1578 419 1619 482 te

66 571 242 636 deert.omnino
253 569 336 625 etiam
350 566 423 624 nulle
437 573 481 624 est
494 565 630 640 obligatio,
641 563 750 637 quando
765 578 829 618 rero
865 577 929 618 vero
945 575 1007 633 pars
1017 577 1071 617 oon
1086 561 1175 618 minus
1190 562 1314 634 procedit
1325 569 1387 621 ante
1401 563 1558 635 petitionem
1575 562 1661 619 tribu·
1705 605 1709 612 .

67 661 171 720 mmstitia
185 666 287 716 tanturn
301 658 382 715 estin
397 673 513 715 excessu
528 658 630 726 oneris,
647 661 714 711 tunc
728 653 831 727 obligat
865 653 896 723 ti,
917 668 999 726 qrram
1014 657 1076 724 post
1096 652 1183 723 illam,
1200 668 1306 727 semper
1325 656 1396 712 enim
1416 661 1458 710 est
1477 654 1571 711 eadem
1590 653 1660 708 ratio

67 755 96 812 ier
107 752 134 810 ad
150 749 306 807 solvendum
327 748 461 806 tributum
477 749 502 804 in
523 749 675 822 quantitate
690 743 829 802 moderata
866 744 1061 816 excusationis,
1082 757 1132 799 nec
1152 744 1244 816 petitio
1265 747 1451 816 praesumitur
1471 746 1555 819 magis
1576 744 1658 816 iusta,

68 845 153 902 arbitrio
162 843 221 900 boni
235 842 297 914 viri3
310 855 443 897 excessus
453 854 518 895 vero
532 839 633 911 poterit
643 840 700 894 aine
715 840 829 909 peccato
868 847 951 906 quam
962 834 1144 906 impositio,et
1154 833 1214 891 ideo
1227 850 1279 891 non
1293 842 1380 893 mutat
1388 837 1520 894 rationem
1532 835 1658 892 iustitiae.

67 934 170 1004 saturni,
184 932 223 989 rel
244 933 430 1004 compensari,
445 931 553 987 interim
575 927 707 986 solvendo
727 933 829 996 toturn,
902 923 996 981 attera
1015 941 1077 996 pars
1099 925 1283 982 videturesse
1305 936 1401 985 contra
1422 927 1513 1001 plures
1533 933 1660 984 auctores

68 1038 87 1084 er
98 1027 184 1084 interim
198 1031 284 1082 toturn
299 1021 437 1096 negando,
452 1029 536 1095 prout
549 1022 736 1078 necessarium
750 1011 833 1074 luerit
866 1012 994 1086 allegatos
1012 1015 1038 1070 in
1060 1014 1182 1072 secunda
1202 1019 1351 1092 sententia,
1369 1025 1552 1075 verumtamen
1571 1019 1598 1072 in
1617 1015 1661 1073 illa

70 1117 93 1174 al
103 1112 300 1188 recuperandum
319 1127 474 1170 excessum.
488 1111 618 1184 idemque
633 1125 697 1167 cum
717 1122 832 1180 propor·
866 1104 1000 1176 particula
1013 1121 1072 1162 nore
1082 1111 1193 1164 coartet
1203 1113 1290 1178 potest
1300 1123 1360 1165 esse
1373 1109 1511 1181 multiplex
1524 1113 1663 1180 sensus,et

70 1207 121 1265 done
138 1203 290 1262 emendum
306 1210 360 1274 est,
376 1202 397 1257 si
417 1201 545 1258 iniustitia
563 1200 652 1257 solum
674 1199 709 1256 sit
722 1197 748 1254 in
770 1212 834 1269 pro·
868 1193 928 1252 inde
936 1195 1100 1254 tortasseest
1111 1197 1261 1254 varietasin
1273 1198 1355 1256 modo
1365 1199 1491 1273 loquendi
1502 1205 1660 1257 auctorum.

71 1296 181 1370 portionali
194 1293 396 1351 distributione:
413 1309 476 1350 nam
489 1299 556 1348 tune
576 1291 687 1364 poterit,
702 1288 750 1363 qul
769 1286 831 1360 plus
866 1284 956 1342 Primo
974 1301 1040 1360 ergo
1060 1285 1162 1344 dicitur
1182 1304 1237 1344 non
1257 1298 1400 1365 constare,
1420 1291 1493 1363 quod
1508 1307 1561 1347 non
1576 1291 1664 1347 scitur

74 1391 124 1444 iusto
135 1391 263 1458 gravatur,
276 1385 401 1440 minuere
415 1381 546 1440 tributum
558 1381 584 1438 in
598 1397 629 1437 ea
640 1386 728 1453 parte,
740 1378 765 1434 io
777 1393 832 1450 qua
867 1374 951 1449 clara,
966 1384 994 1434 et
1007 1377 1123 1434 evidenti
1138 1378 1242 1434 ratione
1258 1379 1299 1435 rel
1314 1379 1439 1457 physica,
1455 1379 1498 1438 vel
1513 1381 1621 1456 morali,
1635 1387 1664 1438 et

72 1482 171 1548 paratur
181 1455 287 1541 ibiuste3
301 1473 439 1530 tenebitur
453 1479 542 1530 tamen
558 1471 659 1545 aliquid
673 1469 778 1527 solvere
791 1483 833 1524 se·
866 1465 893 1522 in
908 1465 960 1522 boe
978 1483 1061 1525 sensu
1075 1474 1150 1525 certa
1163 1468 1271 1525 videtur
1287 1468 1329 1526 ilio
1345 1485 1417 1543 para,
1434 1471 1498 1544 qrria
1511 1486 1565 1526 non
1580 1485 1662 1542 opor·

72 1566 163 1622 eundum
175 1564 286 1622 debitam
302 1565 519 1638 proportionem,
535 1565 557 1620 si
571 1565 599 1620 in
613 1562 725 1634 reliquis
737 1559 834 1618 condi·
867 1561 923 1628 tet,
945 1563 976 1613 ut
990 1557 1090 1614 subditi
1105 1574 1170 1615 cum
1184 1558 1317 1616 evidentia
1331 1560 1372 1616 uel
1387 1560 1549 1618 certitudine
1564 1561 1661 1631 sciant,

73 1656 162 1712 tioobus
174 1653 429 1722 constet,tributum
443 1670 503 1711 esse
523 1654 638 1722 iustum,
655 1651 718 1725 quia
733 1649 777 1707 lex
793 1651 833 1706 in·
867 1648 1018 1720 principem
1035 1648 1195 1705 observasse
1210 1665 1303 1706 omnes
1322 1651 1487 1708 conditiones
1502 1651 1617 1708 iustitiae
1636 1653 1662 1706 in

74 1745 272 1803 iustasolurnaon
283 1745 422 1819 obligatio
434 1746 511 1817 eo,iu
523 1761 579 1818 quo
591 1743 832 1812 lacitiniustitiam,
868 1737 979 1794 terendo
1000 1739 1113 1811 tributo,
1130 1747 1161 1797 ut
1182 1747 1324 1798 teneantur
1338 1742 1375 1798 illi
1394 1757 1502 1814 parere:
1521 1749 1579 1799 tum
1598 1743 1663 1815 quia

74 1840 145 1895 irrlio
161 1853 220 1896 vero
238 1843 332 1911 potest
352 1836 484 1911 obligare,
501 1837 566 1910 quia
586 1850 646 1898 nou¹
660 1839 703 1892 est
722 1833 832 1891 omuino
868 1828 934 1887 licet
947 1830 1073 1903 princeps
1094 1830 1192 1887 lrabeat
1210 1831 1280 1888 banc
1299 1833 1492 1890 certitudinem
1509 1839 1537 1890 et
1554 1831 1663 1889 euiden-

74 1927 262 2002 adiecturum
275 1933 321 1986 est
334 1927 369 1984 ab
384 1926 437 1984 olio
451 1925 614 1999 separabile.
869 1919 943 1992 tiam,
959 1925 1001 1976 est
1014 1919 1152 1978 moraliter
1165 1921 1344 1995 impossibiie,
1358 1929 1391 1980 ut
1409 1937 1502 1980 omnes
1517 1923 1618 1981 subditi
1633 1921 1663 1978 il·

869 2010 924 2068 lam
944 2017 1142 2084 assequantur,
1159 2020 1255 2070 contra
1269 2014 1400 2070 rationem
1417 2020 1510 2070 autem
1523 2018 1596 2070 esset
1615 2012 1664 2070 ali·

236 2107 319 2188 Quid
333 2107 485 2184 agendum
497 2111 530 2167 tp
543 2108 641 2168 dubio,
868 2101 934 2176 quid
946 2101 1082 2159 moraliter
1093 2103 1256 2175 impossibiie
1270 2103 1459 2177 postularent
1468 2103 1511 2160 lex
1521 2103 1665 2161 iustaobli·

869 2198 926 2267 get,
939 2197 998 2250 tum
1012 2193 1105 2264 etiam,
1118 2195 1183 2267 quia
1194 2195 1216 2250 si
1230 2193 1282 2251 hoc
1296 2209 1391 2252 verum
1405 2201 1489 2268 esset,
1502 2194 1556 2251 lere
1570 2209 1664 2252 omnes

100 2289 249 2348 uuoterrto:
265 2289 382 2359 Quando
401 2290 534 2348 tributum
548 2295 590 2348 est
609 2304 725 2360 novum,
741 2292 769 2345 et
781 2301 835 2343 non
870 2284 1288 2356 possentexcusariosolutione
1299 2286 1664 2359 tributorum.Nonestergo

74 2383 299 2454 rorstetprincipes
309 2381 411 2438 habore
423 2387 582 2454 potestatem
592 2380 627 2436 ad
638 2376 834 2452 imponendum
871 2375 946 2448 sotis,
961 2381 990 2433 ut
1003 2392 1057 2432 non
1072 2383 1182 2434 constet
1196 2391 1245 2449 per
1259 2377 1532 2434 evidentiamPotest
1545 2392 1610 2434 vero
1626 2377 1664 2434 la-

75 2469 183 2540 tn'butum,
196 2472 318 2541 quamvis
331 2487 387 2528 non
402 2477 509 2528 constet
519 2487 613 2528 carere
628 2470 684 2539 illa,
696 2484 750 2526 non
765 2467 834 2524 obli·
870 2467 925 2522 tius
939 2465 984 2522 illa
1004 2467 1139 2539 particula
1161 2467 1241 2538 sumi,
1257 2473 1285 2525 et
1304 2483 1369 2524 cum
1383 2467 1434 2524 bac
1455 2468 1596 2540 negatione
1614 2465 1666 2523 alia

75 2571 148 2632 gratur
166 2561 259 2617 subditi
272 2560 320 2617 illa
339 2559 448 2634 legend
469 2559 628 2618 solvendum
647 2559 795 2616 tributum:
813 2558 836 2614 si
871 2560 1008 2630 coniungi,
1023 2558 1137 2630 scilicet,
1151 2565 1182 2615 ut
1196 2574 1285 2632 neque
1296 2573 1344 2631 per
1355 2560 1488 2615 rationem
1499 2557 1666 2630 probabilem

75 2664 120 2704 raro
137 2657 240 2722 constet,
253 2652 407 2725 principem
419 2650 517 2708 habere
528 2657 693 2724 potestatem
705 2648 739 2706 od
749 2651 834 2720 impo·
870 2654 977 2705 constet
991 2647 1023 2704 de
1038 2648 1164 2706 iniustitia
1178 2649 1283 2720 tributi,
1295 2655 1322 2705 et
1336 2647 1445 2706 dicatur
1458 2664 1509 2705 noo
1525 2653 1662 2721 constare,
1701 2635 1707 2654 “

76 2739 138 2796 nanda
152 2741 242 2797 tributa
255 2743 427 2815 generatim,
443 2741 506 2799 licet
519 2743 546 2798 in
560 2736 836 2813 particulari'tribrrto
870 2738 942 2813 quod
953 2754 1003 2796 nee
1015 2746 1108 2812 certo,
1120 2755 1171 2796 uec
1182 2738 1357 2812 probabiliter
1369 2741 1555 2813 cognoscitur,
1566 2754 1598 2796 ex
1610 2753 1665 2812 qua

77 2845 113 2884 noo
125 2836 215 2888 constet
227 2832 329 2889 servari
341 2847 437 2889 omnes
450 2831 617 2888 conditiones
628 2829 661 2887 ad
676 2829 747 2886 iilius
760 2828 836 2884 iusti·
870 2831 1014 2902 negatione
1030 2831 1118 2887 oritur
1129 2830 1241 2887 dubium
1253 2831 1417 2905 negativum.
1433 2832 1466 2888 Et
1480 2833 1506 2887 io
1518 2831 1569 2888 lroc
1581 2846 1664 2887 sensu

78 2923 122 2976 mm
134 2923 271 2995 requisitas,
286 2922 332 2980 lex
348 2923 444 2979 tributi
458 2921 588 2994 obligabit
601 2919 724 2977 subditos
741 2917 774 2975 ad
789 2934 834 2974 so·
869 2917 942 2992 dico,
958 2920 1103 2978 aliudesse
1118 2919 1191 2994 loqui
1206 2921 1238 2978 de
1251 2922 1389 2994 principe,
1404 2920 1475 2979 aliud
1489 2917 1523 2979 de
1541 2921 1661 2994 subdito,

78 3007 175 3067 lotionem
194 3012 297 3082 tributi,
318 3010 469 3070 dummodo
489 3027 543 3068 non
563 3017 672 3067 constet
693 3009 726 3066 de
746 3008 836 3082 aliqua
871 3009 945 3068 aliud
959 3009 992 3066 de
1007 3009 1141 3068 solutione
1158 3010 1261 3068 tributi.
1278 3012 1406 3085 Princeps
1421 3027 1487 3085 ergo
1506 3011 1528 3068 si
1549 3013 1662 3069 cumsi-

78 3097 174 3157 in'ustitia
186 3102 288 3170 tributi,
304 3119 356 3160 seu
370 3102 405 3158 de
418 3100 526 3159 delectu
542 3101 658 3159 alicuius
672 3097 836 3157 conditionis
870 3099 925 3156 mili
937 3098 1018 3157 dubio
1033 3101 1168 3159 tributum
1186 3101 1311 3174 imperet,
1326 3104 1382 3175 agit
1401 3103 1511 3174 iniuste,
1528 3107 1559 3160 ut
1579 3118 1665 3174 supra

79 3186 167 3246 rdillius
178 3193 305 3251 iustitiam
320 3192 564 3266 requisissemus
575 3207 637 3264 pars
652 3190 734 3248 buius
749 3204 838 3246 asser·
872 3189 939 3263 dixi,
954 3191 1019 3264 quia
1035 3191 1092 3265 agit
1107 3197 1219 3264 temere,
1232 3197 1261 3248 et
1274 3197 1370 3249 onerat
1384 3191 1508 3248 subditos
1519 3193 1577 3249 sine
1591 3194 1664 3249 iusta

79 3281 138 3336 tonis
149 3290 185 3339 est
197 3284 268 3341 iuxta
281 3291 404 3341 mentem
419 3289 564 3340 auctorum
579 3281 714 3340 secundae
732 3287 838 3337 senten·
871 3297 966 3339 causa.
982 3283 1017 3338 Et
1030 3281 1067 3338 ita
1080 3283 1107 3337 iu
1124 3280 1170 3338 illo
1184 3281 1299 3338 maxime
1317 3280 1399 3339 babet
1413 3280 1517 3356 locum,
1533 3279 1608 3355 quod
1626 3282 1667 3339 di·

79 3370 122 3442 tire,
134 3388 232 3448 ermque
250 3391 266 3432 a
285 3375 395 3432 fortiori
415 3374 556 3432 admittent
575 3381 704 3432 auctores
724 3373 835 3445 primae,
871 3372 943 3428 citur
954 3371 981 3428 in
995 3372 1178 3434 efflorescit.
1192 3370 1225 3427 de
1239 3371 1377 3444 censibus,
1389 3372 1463 3445 quod
1473 3372 1575 3430 cens'us
1589 3373 1664 3446 igno·

80 3457 102 3515 de
111 3464 247 3522 auctoribus
260 3473 356 3526 autem
371 3465 465 3523 tertiae
480 3468 629 3523 sententiae
644 3464 733 3521 solum
747 3463 838 3520 dicere
872 3463 976 3521 rantiao
996 3461 1070 3519 nullo
1084 3463 1143 3518 iure
1164 3460 1314 3534 probatur,
1330 3463 1456 3536 princeps
1476 3464 1566 3538 itaque
1587 3462 1668 3520 debet

81 3556 323 3628 possumus,illinon
338 3555 541 3626 contradicere,
558 3557 682 3630 quamvis
696 3571 748 3612 nec
763 3555 835 3611 illam
873 3569 955 3611 nosse
979 3554 1080 3609 iustam
1105 3566 1219 3608 causam
1247 3551 1360 3625 tributi,
1386 3559 1414 3610 et
1439 3551 1513 3610 illam
1540 3552 1666 3626 reddere,

82 3639 194 3702 affirment.
208 3647 284 3704 Ratio
299 3646 467 3720 igiturillius
481 3646 565 3719 partis
580 3653 631 3719 est,
644 3646 709 3720 quia
721 3645 838 3718 primum
873 3640 981 3720 quando
997 3643 1158 3714 oportuerit.
1173 3640 1249 3699 Unde
1265 3642 1287 3700 si
1301 3641 1417 3700 subditis
1431 3649 1551 3716 constet,
1566 3644 1669 3716 princi·

81 3728 248 3794 undamentum
265 3737 387 3796 iustitiae
401 3737 427 3794 in
445 3737 556 3795 tributis
569 3743 611 3794 est
630 3742 751 3809 potestas
767 3736 838 3808 prin·
873 3751 935 3809 pem
950 3750 1014 3792 cum
1028 3734 1074 3791 illo
1095 3733 1177 3790 dubio
1192 3735 1340 3806 imperasse
1358 3734 1506 3805 tributum,
1522 3750 1576 3791 non
1596 3740 1669 3791 tene-

81 3820 136 3893 ripis,
149 3833 172 3881 et
190 3826 327 3901 obligatio,
343 3842 413 3901 quae
431 3826 491 3883 inde
506 3828 532 3883 in
553 3827 654 3900 populo
674 3827 789 3884 resultat
806 3823 840 3881 ad
873 3825 978 3882 buntur
996 3825 1114 3896 solvere,
1130 3825 1236 3881 etiamsi
1257 3826 1390 3897 nesciant,
1406 3839 1440 3898 aa
1460 3841 1491 3882 ro
1511 3825 1569 3897 ipsa
1589 3825 1669 3882 inter·
1693 3857 1699 3868 ·
1758 3811 1764 3830 '

81 3913 270 3974 contribuendum
289 3934 343 3991 pro
361 3917 430 3974 illius
445 3917 593 3990 stipendio,
614 3931 680 3990 ergo
694 3916 715 3972 si
734 3915 840 3973 dubita·
874 3918 990 3974 cesserit
1003 3915 1143 3972 sulliciens
1157 3929 1255 3987 causa,
1269 3929 1367 3988 necne,
1384 3915 1430 3987 qui
1446 3916 1512 3973 satis
1526 3925 1579 3987 est,
1594 3913 1668 3988 quod
1720 3958 1723 3966 .

80 4005 112 4054 tur
120 3989 145 4058 de
154 4005 241 4063 iustitia
251 4006 350 4064 tributi
361 4009 388 4062 in
400 4006 452 4063 boc
460 4006 744 4077 fundamento,cessat
752 4007 840 4062 omnis
874 4009 973 4076 sciant,
990 4006 1125 4064 tributum
1139 4020 1199 4062 esse
1217 4003 1358 4062 iniustum.
1376 4005 1452 4064 Unde
1466 4011 1532 4062 tunc
1545 4021 1598 4062 non
1621 4021 1669 4079 po·

81 4091 131 4146 ratio
141 4096 319 4164 praesumendi
333 4097 462 4153 iustitiam
477 4098 503 4152 in
523 4096 579 4169 illo,
594 4112 627 4153 ac
648 4095 761 4154 subinde
777 4094 840 4153 talia
874 4106 928 4157 test
941 4097 996 4155 dici
1012 4103 1120 4154 tautum
1134 4097 1274 4170 negative,
1289 4111 1344 4153 non
1359 4102 1486 4152 constare
1500 4096 1614 4153 subditis
1634 4095 1668 4152 de
1743 4153 1750 4168 ,

81 4179 155 4237 inbuta
163 4191 372 4255 praesumuntur
386 4187 494 4242 iniusta.
507 4187 545 4244 Et
558 4186 583 4243 iu
597 4187 636 4242 eis
651 4185 764 4242 maxime
775 4201 838 4257 pro·
874 4187 977 4246 iustitia
991 4185 1102 4256 tributi,
1118 4202 1179 4242 nam
1201 4186 1317 4258 positive
1336 4187 1417 4243 etiam
1442 4193 1551 4244 constat
1564 4185 1614 4244 illis
1635 4185 1668 4243 de

81 4267 156 4327 cedunt
167 4277 276 4333 rationes
291 4277 392 4332 tertiae
407 4277 549 4348 opinionis,
566 4274 690 4348 procedit
703 4277 783 4332 etiam
797 4273 841 4331 illa
874 4276 1003 4351 iniustitia
1018 4274 1123 4348 tributi,
1138 4280 1167 4331 et
1180 4273 1240 4331 ideo
1255 4274 1315 4332 talis
1330 4290 1413 4332 casua
1426 4277 1481 4333 nob
1495 4276 1528 4333 ad
1543 4293 1669 4352 praesen·

82 4358 162 4428 regula:
176 4367 208 4420 br
220 4363 321 4422 dubiis
335 4364 438 4422 oreltor
451 4369 494 4422 est
509 4363 637 4422 conditio
648 4363 839 4441 possidentis
875 4373 930 4424 tem
950 4364 1251 4438 consuetudinem,·sed
1267 4364 1300 4422 ad
1322 4367 1531 4438 praecedentem
1552 4376 1667 4442 spectat.

83 4449 128 4516 our
138 4458 194 4509 tunc
207 4456 306 4513 subditi
321 4455 521 4528 possidentsua
535 4456 616 4528 bone,
628 4461 656 4511 et
668 4471 746 4513 suum
762 4454 842 4512 liber·
913 4460 949 4515 dt
966 4472 1030 4514 vero
1051 4455 1189 4528 subditus,
1204 4456 1252 4530 qui
1266 4457 1363 4528 nescit,
1379 4459 1528 4531 prinoipem
1549 4475 1602 4518 non
1624 4461 1671 4518 ba-

83 4539 153 4612 utem,
167 4551 190 4600 et
201 4561 252 4602 non
266 4554 335 4604 sunt
350 4547 420 4602 certi
433 4544 467 4604 de
481 4545 647 4603 subiectione
657 4547 685 4603 in
700 4546 750 4602 bac
764 4552 841 4619 porte
874 4547 966 4606 baisse
985 4563 1113 4620 eausam,
1131 4546 1173 4604 vel
1192 4545 1331 4603 dubitasse
1346 4546 1379 4604 de
1399 4563 1495 4619 causa,
1510 4549 1559 4607 sed
1579 4550 1669 4610 solum

86 4627 150 4687 debita
165 4638 281 4710 principi.
297 4639 396 4694 Posset
415 4643 507 4694 autem
520 4637 565 4695 ldc
586 4653 668 4695 casus
683 4637 841 4710 contingere
876 4641 996 4714 ignorat,
1012 4655 1046 4695 err
1060 4637 1186 4695 habuerit
1198 4649 1322 4708 oausam,
1338 4638 1382 4695 rel
1395 4654 1478 4711 quam
1493 4639 1628 4716 babuerit,
1644 4643 1672 4699 et

87 4723 198 4795 praecipue
217 4729 241 4784 in
261 4727 428 4802 quibusdam
448 4728 617 4801 principibus
636 4727 840 4802 temporalibus,
877 4735 1079 4805 consequenter
1094 4727 1182 4786 solum
1201 4737 1244 4786 est
1263 4728 1363 4786 dubius
1378 4731 1500 4803 negative
1520 4731 1553 4788 de
1572 4749 1668 4806 causa,

87 4811 118 4879 qui
127 4829 168 4869 noa
178 4825 236 4874 sunt
245 4821 380 4891 supremi,
390 4818 437 4876 scd
446 4827 651 4892 recognoseunt
662 4820 841 4892 superiorem3
877 4821 919 4878 vel
935 4821 1036 4878 iustitio
1049 4821 1154 4894 tributi,
1172 4826 1281 4878 tenetur
1295 4817 1330 4876 od
1351 4819 1511 4880 solvendum
1526 4824 1669 4882 tributum.

87 4906 106 4953 tt
120 4902 271 4966 nibilominus
288 4911 339 4967 sibi
360 4921 496 4983 usurpant
509 4917 669 4984 potestatem
690 4910 843 4984 imponendi
878 4912 1013 4970 Probatur
1027 4928 1060 4968 ex
1077 4909 1198 4985 generali
1213 4911 1319 4985 regula,
1336 4911 1409 4985 quod
1424 4912 1550 4990 subditus
1564 4920 1673 4972 teretur

89 4989 161 5050 libau
172 4999 243 5056 titolo
255 5000 477 5073 consuetudinis,
494 5002 536 5058 vel
551 5000 604 5058 alio
619 5002 709 5059 simili.
724 5003 752 5059 Si
774 5003 844 5059 enim
879 4986 989 5061 obedire
1000 5001 1122 5076 praelato
1134 5001 1381 5076 praecipientium
1393 5003 1600 5078 solumqunndo
1612 5021 1671 5064 cer·

90 5090 127 5135 oon
137 5095 237 5157 constet,
253 5092 317 5149 talio
331 5091 434 5150 tributa
447 5108 509 5150 esse
523 5092 671 5165 approbata
686 5109 701 5149 a
715 5108 844 5166 supremo
879 5101 988 5164 tuaest,
1001 5108 1125 5149 nonesse
1138 5093 1495 5167 contrabeipraeceptum,
1507 5094 1673 5168 quodbomo

92 5170 235 5249 illiciterel
249 5199 314 5240 cum
329 5182 402 5240 illius
416 5180 547 5241 lacrrltate
558 5191 586 5241 et
600 5185 708 5241 lieentia
722 5200 782 5242 esse
796 5187 846 5242 im·
878 5185 964 5258 iubet,
977 5184 1025 5242 sed
1038 5183 1119 5240 etiam
1130 5182 1366 5262 quindenarum
1376 5187 1424 5246 rit.
1437 5189 1533 5243 certus
1544 5203 1603 5244 nori
1616 5183 1669 5258 ert,

92 5263 161 5338 paru,
174 5285 221 5328 non
233 5281 285 5345 est,
301 5289 353 5331 cur
367 5281 559 5346 praesumatur
573 5275 696 5348 instaret
709 5277 746 5332 itu
761 5277 787 5332 in
805 5276 845 5332 bia
879 5281 911 5333 ut
924 5275 992 5332 dixit
1004 5276 1293 5347 angustiarentur
1305 5277 1410 5332 Favet.
1423 5290 1485 5348 cop.
1498 5279 1543 5347 75,
1558 5293 1584 5333 c.
1597 5277 1675 5354 Quid

96 5351 152 5410 esra
168 5365 271 5422 nmine
287 5363 440 5438 procedere
458 5365 566 5424 tertiam
588 5366 756 5426 sententiam.
774 5367 845 5424 llaec
880 5363 1031 5442 culpetur,
1050 5368 1098 5440 23,
1112 5379 1140 5441 q.
1156 5369 1180 5425 t.
1194 5366 1250 5422 llec
1269 5365 1360 5440 rideo,
1376 5380 1427 5423 eur
1445 5365 1499 5424 sint
1511 5365 1545 5424 alr
1565 5368 1615 5425 trac
1631 5386 1673 5427 re·
