4190 6234
425 352 468 416 66
1118 363 1265 414 aranas.

383 493 537 594 imponqrdi
552 495 670 569 tributa,
685 501 729 553 est
741 509 796 552 una
809 510 842 551 ex
855 491 1030 566 praecipuis,
1046 496 1074 548 et
1087 498 1180 548 osteo·
1217 491 1389 551 iustificanda
1402 509 1473 553 nora
1486 493 1603 567 tribute,
1624 496 1683 553 sine
1697 500 1781 554 certa
1797 494 1933 554 facultate
1946 511 2010 556 are·

383 587 433 659 dit,
446 585 521 661 quod
539 588 612 644 sicut
625 593 745 658 potestas
756 583 889 642 indicendi
901 583 1003 644 beilum
1013 588 1056 638 εει
1069 583 1180 652 propria
1215 583 1296 656 gibus
1310 599 1454 642 concessa.
2046 645 2047 654 ,

384 680 505 748 supremi
525 678 669 750 principis,
689 691 739 732 nec
755 681 846 747 potest
860 673 964 748 acquiri
978 687 1027 745 per
1042 671 1177 744 praescri·
1236 727 1240 736 ,
1256 676 1283 730 6.
1301 675 1373 731 Ηεεε
1391 690 1458 748 ergo
1473 675 1605 733 sententia
1619 674 1684 732 mibi
1700 675 1818 734 ridetur
1833 677 1926 734 verior
1939 687 1966 736 ct
1977 697 2015 738 se·
2046 663 2047 676 ἶ

381 769 502 840 ptionem
527 767 560 824 sb
580 767 705 824 inferiore
727 766 849 839 principe
864 765 982 822 habente
996 764 1177 835 superiorem,
1214 765 1322 834 curior,
1345 767 1410 838 qnia
1429 772 1472 822 est
1490 767 1575 840 magis
1591 774 1776 824 consentanee
1795 768 1852 824 inri
1869 775 1898 824 et
1912 771 2012 842 rationi,

381 859 422 916 ita
433 859 514 918 etiam
532 863 653 930 potestas
666 855 819 929 imponendi
833 856 975 913 tributum.
990 855 1131 910 Praeterea
1145 868 1179 908 ex
1213 859 1241 907 ει
1252 855 1318 925 quia
1328 853 1465 927 impositio
1476 855 1644 913 tributorum
1654 862 1697 913 εει
1707 856 1926 930 gravissima,et
1936 863 2016 917 multa

384 949 474 1006 citatis
495 949 599 1022 legibus
614 949 731 1006 sumitur
745 963 876 1020 magnum
890 952 1094 1020 argumentum,
1111 943 1174 1016 quia
1213 942 1429 1002 consideratione
1450 945 1566 1018 indiget,
1580 953 1612 1002 ut
1626 947 1695 1003 iuste
1709 948 1767 1019 fiet,
1785 953 1818 1004 et
1833 947 1896 1004 ideo
1912 967 1963 1006 non
1978 959 2016 1006 est

383 1055 511 1112 expresse
533 1039 681 1112 definiunt,
703 1039 837 1096 neminem
858 1053 937 1110 posse
958 1034 1177 1108 praescriptione
1214 1031 1293 1088 iaciie
1307 1035 1507 1092 committenda
1521 1035 1656 1094 voluntati
1670 1053 1789 1111 eorum,
1808 1038 1861 1110 qui
1877 1042 1906 1096 in
1918 1048 2015 1112 tempo·
2046 1071 2047 1080 ι

382 1132 464 1189 eximi
488 1147 503 1186 a
527 1130 636 1187 tributis
657 1129 807 1202 sotvsndts,
832 1135 863 1185 ut
883 1134 956 1200 patet
974 1125 1104 1183 excitata
1119 1123 1177 1197 iege
1213 1121 1316 1180 ratibus
1337 1123 1437 1182 babeat
1459 1126 1644 1198 superiorem,
1665 1142 1715 1184 nec
1736 1131 1926 1186 consuetudo
1947 1131 2013 1186 ntiird

385 1222 545 1296 Conspers't,
561 1227 588 1278 et
604 1219 661 1277 eliis
682 1219 781 1276 horum
801 1233 960 1292 regnorum.
975 1217 1010 1274 Et
1026 1231 1059 1272 ex
1075 1216 1177 1271 Panor-
1212 1212 1345 1271 inducens
1365 1214 1483 1272 honesto
1501 1217 1636 1274 censenda
1649 1225 1701 1274 est.
1718 1220 1821 1292 Neque
1841 1235 2014 1291 praesumen-

380 1312 485 1368 mitano
508 1311 534 1366 io
555 1311 629 1368 dicto
649 1310 737 1382 capite
764 1311 839 1367 Cum
857 1305 955 1373 mobis,
973 1321 1050 1363 num.
1070 1309 1113 1364 ιι.
1130 1303 1176 1362 ubi
1211 1303 1278 1361 dum
1291 1312 1344 1378 est,
1355 1307 1427 1379 quod
1439 1306 1511 1364 bona
1522 1307 1574 1364 tide
1587 1308 1620 1366 sit
1632 1307 1859 1382 introductaque!
1873 1312 2014 1382 perscien-

381 1399 472 1459 seddit
493 1402 641 1470 rationem,
663 1400 725 1472 quia
743 1399 878 1456 tributum
897 1396 1012 1454 debetur
1024 1399 1051 1452 in
1066 1397 1173 1468 signum
1212 1397 1277 1453 tiam
1289 1403 1318 1453 et
1330 1399 1489 1469 patientiam
1501 1415 1609 1472 regum.
1621 1399 1739 1472 Oportet
1750 1407 1850 1458 tamen
1863 1401 2013 1469 advertere,

382 1491 575 1565 subiectionis,
601 1490 649 1547 sed
663 1490 749 1547 multo
764 1490 826 1562 plus
840 1495 883 1546 est
897 1486 1085 1561 praescribere
1099 1494 1175 1558 pote·
1211 1486 1375 1560 aliudesse,
1398 1487 1471 1561 quod
1486 1492 1614 1563 princeps
1629 1491 1726 1564 aliquis
1741 1491 1866 1548 inferior
1883 1495 2014 1564 praescri·

382 1587 482 1640 statem
499 1581 652 1653 imponendi
665 1581 778 1653 tributa,
790 1595 873 1654 qaam
885 1579 1071 1651 praescribere
1085 1593 1176 1633 erem·
1209 1575 1255 1634 bat
1265 1584 1429 1648 potestatem
1442 1579 1596 1652 imponendi
1607 1580 1720 1653 tributa,
1728 1588 1840 1639 retenta
1851 1582 2018 1639 subiectione

380 1674 502 1746 ptionem
518 1667 667 1744 nisibinis,
682 1672 747 1745 quia
761 1671 849 1728 maius
863 1671 944 1728 etiam
957 1672 1064 1744 signum
1079 1684 1175 1741 supre-
1210 1667 1244 1723 ad
1258 1671 1474 1741 superiorem,et
1488 1672 1546 1728 sine
1562 1671 1754 1746 licentiosius,
1769 1673 1853 1730 aliud
1868 1681 1935 1731 'vero
1946 1691 2012 1744 esse,

381 1779 442 1822 mae
462 1765 604 1838 potestatis
624 1769 667 1822 est
686 1762 789 1820 tributa
809 1762 961 1835 imperare,
982 1777 1064 1836 quam
1083 1760 1174 1834 esige·
1210 1757 1285 1833 quod
1304 1759 1451 1833 princeps,
1467 1762 1513 1834 qni
1532 1763 1608 1834 prins
1623 1773 1829 1838 recognoverat
1845 1767 2013 1837 superiorem

381 1868 427 1914 re:
449 1869 525 1928 ergo.
1210 1864 1259 1922 per
1281 1849 1507 1908 consuetudinem
1524 1859 1552 1908 et
1572 1855 1831 1929 praescriptionem,
1849 1857 2013 1912 eximatura

384 1999 386 2005 Α
405 1997 407 2002 .
419 1945 454 2002 Et
471 1942 628 2003 declaratur
641 1944 693 2002 boc
708 1943 838 2018 amptius,
859 1946 923 2019 quis
936 1960 984 2003 rea
998 1943 1081 2001 babet
1094 1949 1170 2016 pote-
1210 1939 1257 1998 tali
1273 1940 1454 2010 subiectione,
1466 1949 1494 1998 et
1504 1943 1550 2000 tiat
1563 1959 1721 2016 supremus,
1732 1953 1760 2002 et
1771 1947 1815 2002 sic
1828 1948 1962 2020 acquirat
1972 1962 2015 2017 po·

381 2041 478 2094 statem
499 2034 651 2108 imponendi
671 2035 774 2092 tributa
792 2036 817 2092 in
836 2042 893 2093 toto
909 2053 959 2093 suo
974 2050 1075 2109 regno,
1090 2033 1173 2091 etiam
1209 2036 1336 2088 testatem
1352 2032 1509 2104 imponendi
1524 2033 1782 2092 tributailactenus
1798 2053 1872 2110 ergo
1889 2036 1925 2092 de
1936 2036 2011 2108 priori

269 2152 271 2160 ·
382 2126 410 2184 in
427 2125 507 2183 terris
521 2125 651 2184 subiectis
662 2124 746 2182 alicui
759 2125 879 2183 inferiori
893 2127 1005 2199 principi
1020 2126 1070 2198 ipsi
1085 2124 1175 2182 subie·
1209 2121 1291 2178 modo
1312 2121 1400 2179 locuti
1421 2139 1529 2197 sumus,
1544 2127 1623 2181 etita
1637 2124 1754 2183 dicimus
1769 2128 1831 2184 fieri
1847 2144 1906 2183 non
1920 2143 2007 2197 posse,

382 2223 444 2291 cto,
460 2214 571 2290 quando
586 2231 652 2292 ergo
669 2216 712 2273 iiie
726 2216 841 2273 inferior
854 2217 981 2289 princeps
994 2215 1112 2290 acquirit
1125 2231 1175 2286 per
1210 2218 1268 2268 turo
1282 2218 1393 2284 propter
1408 2213 1469 2270 iura
1485 2215 1580 2287 citata,
1590 2221 1648 2272 tum
1658 2223 1771 2289 propter
1783 2217 2011 2289 repugnantiam,

313 2331 315 2334 ·
383 2307 616 2364 consuetudinem
628 2312 792 2379 potestatem
803 2296 959 2379 imponendi
968 2305 1071 2364 tributa
1081 2305 1107 2361 in
1118 2305 1173 2363 suis
1208 2319 1290 2376 qnam
1300 2304 1412 2361 involvit
1423 2313 1518 2362 contra
1533 2307 1651 2363 iustitiae
1664 2308 1834 2380 aequitatem
1850 2308 2006 2365 etdebitnm

382 2397 520 2467 terris,sel
534 2413 582 2455 rex
593 2397 665 2454 iliam
676 2396 833 2471 amittit‚vel
847 2403 965 2470 uterque
977 2395 1079 2452 retinet
1089 2394 1171 2451 iilam.
1209 2395 1343 2466 ordinem,
1359 2398 1406 2469 qui
1420 2396 1571 2452 servandus
1586 2406 1638 2470 est,
1656 2405 1745 2456 stente
1759 2399 1952 2457 subiectione.

382 2487 508 2545 Primum
518 2493 560 2543 est
570 2487 715 2544 intrinsece
723 2494 819 2544 contra
829 2485 987 2559 dignitatern
994 2486 1175 2558 regiam,eam
1246 2487 1282 2543 bt
1296 2501 1359 2542 sero
1375 2489 1398 2542 si
1415 2487 1440 2542 in
1460 2489 1604 2559 posteriori
1620 2489 1701 2546 modo
1716 2507 1925 2563 supponamus,
1939 2489 2004 2545 iliam

383 2580 457 2635 enirn
471 2592 570 2650 magna
583 2593 617 2634 ex
631 2584 707 2650 porte
722 2576 863 2650 convellit,
880 2576 954 2650 quod
974 2592 1023 2649 per
1043 2575 1175 2649 praescri·
1209 2583 1372 2648 potestatem
1397 2593 1555 2650 supremam
1573 2585 1602 2635 et
1614 2583 1817 2654 exemptionem
1834 2596 1920 2654 posse
1935 2596 2008 2652 prae-

382 2669 503 2743 ptionem
518 2668 644 2724 desinon
657 2675 762 2740 potest,
774 2675 808 2724 ut
822 2675 963 2725 ostensum
976 2667 1073 2724 est.Et
1087 2667 1171 2722 etiam
1210 2667 1360 2739 scriptione
1378 2669 1501 2741 acquiri,
1520 2675 1549 2724 ut
1569 2669 1681 2726 iuristae
1698 2674 1892 2728 communiter
1912 2671 2005 2726 docent

281 2771 284 2776 '
383 2765 481 2816 contra
495 2757 646 2816 naturalem
661 2757 1029 2832 obligationem,quarasadi
1043 2762 1173 2813 tenentur
1209 2771 1273 2813 cnm
1288 2757 1361 2814 Bart.
1378 2758 1404 2814 in
1418 2758 1436 2814 Ι.
1448 2754 1601 2830 insontem,
1612 2759 1639 2816 ff.
1652 2760 1685 2817 de
1700 2761 1775 2832 pubi.
1789 2763 1818 2818 in
1834 2763 1900 2830 tine,
1910 2769 1938 2817 et
1953 2761 1975 2814 io
1989 2757 2007 2814 Ι.

383 2865 585 2923 recognoscere
598 2863 688 2921 regern
702 2856 732 2906 ut
744 2864 905 2921 supremum
915 2847 1176 2906 dominumsecnn·
1208 2847 1313 2914 tostos,
1328 2847 1356 2904 ii.
1373 2847 1406 2904 de
1420 2855 1494 2920 capt.
1510 2856 1538 2906 et
1551 2843 1622 2918 aliis,
1637 2866 1709 2924 quos
1723 2838 1822 2924 reiert,
1839 2859 1870 2908 et
1884 2851 2004 2923 sequitur

383 2941 451 2998 dum
464 2947 557 2998 autem
570 2947 614 2996 est
630 2939 711 2996 etiam
726 2947 823 2996 contra
839 2940 969 2998 iustitiam
982 2944 1114 3011 respectu
1128 2953 1176 3009 po·
1209 2939 1390 3008 covarrnsias
1402 2940 1429 2994 in
1443 2936 1516 2996 dicta
1531 2955 1588 3012 reg.
1601 2957 1760 3014 possessor,
1773 2951 1803 3001 2.
1821 2941 1878 3015 pb
1893 2949 1921 3011 2,
1937 2958 1963 2996 n.
1981 2945 2008 3008 t,

384 3030 527 3104 puiorum,
536 3029 648 3086 itnenim
657 3028 859 3103 supramodum
867 3029 1176 3103 gravarentur.Utrum-
1209 3033 1225 3093 s
1239 3043 1277 3085 es
1290 3028 1337 3085 bis
1350 3043 1430 3090 vero,
1451 3034 1479 3084 et
1492 3030 1519 3085 in
1533 3045 1591 3103 reg.
1603 3038 1769 3106 peccatum,
1783 3038 1842 3104 se,
1860 3050 1888 3088 n.
1904 3037 1930 3091 9.
1943 3033 2004 3098 Hac,

384 3136 439 3194 que
454 3122 495 3178 sic
509 3120 628 3193 explico,
639 3120 703 3193 quia
718 3119 813 3192 popuii
826 3134 860 3176 es
873 3118 993 3176 naturali
1006 3119 1111 3177 institia
1124 3132 1173 3190 per
1212 3121 1334 3192 inquam,
1343 3119 1473 3176 sententie
1485 3123 1636 3192 supposita,
1644 3138 1817 3196 consequens
1829 3127 1899 3195 erit,
1909 3129 1940 3178 ut
1952 3119 2004 3177 tatis

384 3226 415 3268 se
435 3210 520 3283 primo
539 3216 667 3267 tenentur
688 3209 794 3267 tributa
807 3209 926 3282 pendere
941 3209 998 3282 regi
1010 3245 1026 3280 ,-
1038 3215 1098 3266 turn
1112 3209 1176 3280 quia
1211 3213 1339 3283 princeps
1353 3209 1479 3282 acquirat
1491 3213 1571 3267 etiam
1586 3218 1748 3284 potestatem
1764 3213 1927 3288 imponendi
1939 3223 2002 3267 noss

384 3299 429 3358 ille
441 3307 484 3357 εει
503 3315 649 3373 supremus
664 3298 801 3371 dominus,
816 3305 877 3356 turn
890 3301 954 3372 qnia
968 3299 1042 3356 iiiios
1055 3304 1174 3372 potestas
1210 3297 1331 3370 tribute,
1347 3300 1412 3371 quia
1425 3299 1477 3356 iam
1491 3315 1544 3356 non
1559 3308 1603 3358 εει
1617 3301 1759 3371 subditus,
1775 3305 1826 3361 sed
1841 3317 1998 3376 supremus,

385 3397 517 3448 censetur
529 3406 590 3447 esse
605 3388 758 3446 immediate
773 3389 915 3463 apopuio;
927 3399 956 3446 et
968 3389 1026 3446 ideo
1037 3389 1117 3446 etiem
1128 3404 1176 3461 po·
1209 3391 1284 3448 etita
1298 3389 1331 3445 ad
1347 3390 1422 3447 ilium
1437 3391 1552 3462 pertinet
1565 3392 1660 3465 regula
1679 3400 1768 3456 ιθιιιεε
1787 3395 1813 3451 in
1828 3395 1908 3452 dicto
1924 3392 2004 3463 capite

385 3479 445 3554 puli
461 3479 561 3538 subditi
574 3478 693 3536 inieriori
708 3480 821 3553 principi
835 3478 944 3536 subdito
959 3479 1027 3553 regi,
1038 3485 1175 3552 quatenus
1210 3483 1406 3548 Ienooomus,
1433 3486 1461 3536 et
1472 3479 1549 3538 dicto
1563 3497 1625 3554 cap.
1643 3484 1740 3558 Super
1752 3483 1944 3556 quibusdam.
1958 3483 2002 3538 Pa·

387 3577 454 3628 sunt
475 3587 538 3645 pars
558 3568 692 3644 quaedam
714 3571 807 3644 regni,
830 3577 959 3628 tenentur
973 3585 1021 3642 per
1034 3585 1063 3626 se
1078 3569 1176 3626 contri·
1210 3572 1381 3628 normitsnus
1399 3587 1464 3628 raro
1478 3574 1505 3627 in
1519 3587 1581 3644 cap.
1600 3574 1679 3630 Cum
1693 3591 1750 3632 sort
1763 3573 1867 3643 liceat,
1883 3575 1918 3632 de
1931 3586 2001 3645 prns-

385 3661 472 3719 buere
486 3661 521 3718 ad
536 3661 762 3718 sustentationem
776 3661 864 3735 regis,
884 3667 910 3718 et
924 3666 1027 3732 status,
1044 3676 1076 3716 so
1092 3659 1176 3732 digni·
1210 3663 1306 3734 script.
1321 3678 1347 3717 n.
1365 3666 1408 3719 td.
1421 3662 1512 3730 sentit,
1530 3678 1582 3719 non
1599 3679 1679 3736 posse
1693 3681 1854 3738 supremam
1871 3667 1944 3737 regni
1961 3677 2001 3734 po·

387 3752 468 3823 tatis,
488 3752 663 3825 omniumque
678 3767 824 3808 munerum
838 3757 866 3808 et
879 3767 994 3808 onerum
1008 3751 1086 3823 eius,
1101 3749 1176 3823 qnod
1210 3757 1337 3808 testatem
1352 3750 1395 3807 ilio
1411 3751 1491 3808 modo
1505 3754 1626 3826 acquiri,
1642 3757 1705 3827 quia
1720 3771 1774 3812 non
1789 3763 1884 3828 potest
1898 3752 2003 3810 interior

313 3868 315 3872 ·
384 3842 490 3899 faciunt
508 3843 602 3916 popuii
619 3841 722 3900 tributa
737 3841 879 3900 soirendo.
896 3844 970 3916 Ergo
984 3848 1082 3898 contra
1096 3843 1175 3897 iusti·
1209 3842 1289 3898 eximi
1301 3847 1458 3914 apotestste
1470 3841 1616 3914 superioris
1627 3844 1826 3902 consuetudine
1841 3847 1911 3916 sota,
1921 3847 1996 3900 etiarn

386 3933 453 3990 tiam
467 3939 556 4006 esset,
571 3931 645 4006 qnod
659 3936 742 3989 etiam
758 3931 884 4006 inierior,
898 3937 927 3988 et
940 3933 1019 4005 qnasi
1034 3932 1176 4003 proximus
1211 3931 1373 4004 longissima.
1387 3931 1440 3989 Sed
1456 3931 1522 3989 baec
1536 3935 1660 4006 quaestio
1675 3951 1747 3991 nnnc
1762 3935 1796 3992 ad
1810 3953 1863 3993 nos
1875 3951 1930 3991 non
1943 3946 1999 4004 per·

385 4025 536 4096 princeps,
559 4028 652 4095 posset
674 4037 724 4078 sne
746 4023 912 4079 auctoritate
930 4023 1071 4094 imponere
1086 4018 1174 4078 eidem
1209 4021 1290 4096 tinet,
1307 4023 1495 4080 tantumenim
1506 4038 1539 4078 ex
1551 4022 1694 4098 bppotbesi
1705 4025 1936 4101 loquimur,quae
1948 4025 2001 4078 sine

385 4113 487 4186 popuio
505 4127 576 4182 nova
591 4111 707 4183 tributa,
722 4121 752 4168 et
765 4109 839 4185 quod
854 4111 971 4183 populus
986 4111 1098 4184 obligari
1113 4126 1176 4182 pos·
1210 4111 1292 4168 dnbio
1307 4128 1371 4169 vera
1390 4121 1449 4185 est,
1471 4113 1603 4186 quidquid
1618 4116 1653 4172 sit
1665 4115 1699 4172 de
1714 4117 1825 4182 rer'cate
1840 4113 2001 4190 suppositio·

387 4212 455 4265 seta
466 4203 574 4261 duobus
590 4202 767 4286 principibus,
783 4208 810 4259 et
823 4203 983 4274 praesertim
997 4200 1030 4258 ab
1047 4201 1102 4270 itio,
1112 4216 1176 4256 cam
1211 4201 1392 4274 nis,quamvis
1406 4204 1487 4259 etiam
1502 4202 1544 4258 ilia
1558 4205 1623 4260 satis
1638 4205 1781 4276 probabilis
1796 4208 1840 4278 sit,
1853 4215 1883 4264 et
1896 4205 2002 4262 iortnsse

386 4313 442 4371 quo
457 4310 473 4351 a
488 4293 617 4367 principio
633 4308 687 4348 non
702 4293 851 4362 contraxit,
868 4307 956 4365 oeque
971 4293 995 4348 ei
1010 4296 1175 4363 potestatem
1212 4294 1291 4349 etiam
1313 4295 1389 4364 prasi
1409 4292 1596 4365 comprobata.
1613 4297 1680 4353 Nam
1699 4295 1783 4353 multa
1797 4312 1882 4370 regna
1897 4306 1992 4353 censen

386 4385 513 4444 contulit.
530 4385 578 4440 leti
594 4385 666 4439 enim
682 4381 823 4439 inferiores
837 4383 976 4454 principes
991 4398 1045 4437 non
1060 4397 1075 4437 a
1089 4395 1179 4451 popu·
1212 4388 1259 4439 tur
1277 4381 1346 4440 banc
1360 4389 1523 4456 potestatem
1545 4401 1598 4442 osu
1616 4387 1676 4457 ipso
1695 4393 1722 4443 et
1735 4389 1947 4462 praescriptione
1960 4396 2001 4438 ac·

386 4477 433 4548 lo,
450 4474 497 4534 sed
518 4490 533 4531 a
553 4471 681 4547 regibus,
697 4472 740 4529 vet
754 4473 915 4544 imperatore
930 4487 1014 4528 snum
1028 4478 1130 4528 statum
1144 4486 1177 4527 ao
1211 4475 1370 4549 quisivisse,
1396 4472 1574 4549 praecedente
1593 4475 1682 4550 eliqua
1702 4476 1833 4549 probabili
1854 4475 2000 4540 occasione,

387 4566 544 4640 dignitatern
559 4569 743 4635 acceperunt,
759 4570 788 4619 et
801 4563 860 4619 ideo
875 4577 928 4618 non
942 4578 958 4618 a
971 4561 1084 4634 popnio,
1101 4559 1179 4618 seda
1213 4570 1242 4620 et
1260 4564 1348 4622 titub.

387 4672 471 4729 rege,
490 4655 531 4710 rel
549 4655 627 4710 iuxta
646 4654 719 4725 regis
738 4652 939 4725 praescriptum
957 4659 1073 4724 possunt
1087 4643 1179 4708 certos
1253 4655 1279 4711 7.
1304 4654 1345 4711 td
1370 4656 1486 4711 rationes
1507 4670 1571 4728 ergo
1591 4657 1743 4714 contrariae
1762 4660 1908 4716 sententiae
1923 4667 1999 4726 nego,

386 4746 513 4807 redditus
528 4760 543 4801 a
557 4742 666 4800 vasallis
677 4742 813 4815 occipere.
822 4744 910 4815 Atque
923 4741 1108 4799 beec'sidetur
1118 4757 1179 4798 esse
1212 4739 1272 4801 ess'e
1286 4759 1378 4816 parem
1394 4746 1524 4802 rationem
1538 4745 1571 4801 de
1584 4746 1780 4804 consuetudine
1794 4747 1945 4821 imponendi
1956 4743 1997 4799 tri·

388 4838 459 4896 ratio
479 4837 605 4908 proprie,
629 4848 682 4890 cnr
696 4832 739 4888 hic
754 4839 834 4890 actus
853 4833 1001 4905 imperandi
1021 4831 1123 4888 tributa
1137 4839 1180 4888 est
1213 4835 1322 4906 butum,
1332 4833 1373 4891 vei
1387 4834 1523 4908 exigendi,
1536 4841 1594 4892 tum
1605 4838 1670 4909 quia
1680 4839 1755 4910 prior
1765 4838 1936 4898 consuetudo
1945 4831 1999 4889 nui·

388 4930 516 5002 proprius
530 4923 651 4998 sdpremi
665 4923 881 4997 principis3quae
896 4930 1095 4996 consequenter
1109 4924 1178 4995 opti·
1213 4923 1258 4982 libi
1272 4925 1296 4980 in
1311 4925 1371 4981 iure
1385 4931 1514 4981 censetur
1527 4924 1665 4983 sufficiens
1677 4927 1711 4984 ad
1723 4929 1915 5002 acquirendam
1929 4931 1997 4999 pote·

390 5034 435 5078 me
449 5017 557 5074 ridetur
572 5013 726 5086 ostendere,
736 5029 796 5070 esse
811 5013 863 5070 boc
877 5020 931 5072 tam
946 5016 1128 5073 intrinsecum
1143 5013 1180 5071 iiii
1214 5019 1310 5070 statem
1325 5014 1478 5087 imponendi
1490 5015 1633 5091 tributum,
1646 5020 1782 5090 posterior
1793 5035 1857 5076 vero
1870 5018 1994 5078 invenitur

392 5122 537 5181 supremae
556 5107 701 5179 potestati,
720 5112 752 5162 ut
766 5103 905 5160 contraria
918 5105 1091 5161 consuetudo
1107 5104 1179 5160 iiiam
1213 5105 1378 5178 approbata,
1401 5114 1433 5163 ut
1453 5107 1593 5164 sufficiens
1612 5107 1646 5165 ad
1664 5109 1793 5166 iustitiam
1814 5110 1916 5168 tributi.
1936 5105 1995 5173 Quid

390 5199 528 5270 destruat,
537 5205 564 5254 et
579 5196 694 5254 institiae
709 5193 827 5252 muttum
842 5202 986 5269 repugnet,
997 5195 1110 5269 ideoque
1121 5211 1175 5252 non
1214 5199 1288 5270 prior
1300 5203 1420 5271 potestas
1430 5197 1516 5254 multo
1526 5197 1613 5255 maior
1624 5204 1676 5270 est,
1692 5200 1831 5274 magisque
1852 5198 1993 5275 perniciosa

388 5293 427 5350 sit
440 5287 607 5350 admittenda
621 5287 891 5361 conuapriacipem,
907 5301 996 5360 neque
1009 5285 1130 5346 sufficiat
1144 5285 1178 5346 ad
1218 5287 1401 5364 reipublicae,
1415 5290 1438 5348 si
1453 5285 1570 5347 indebite
1584 5297 1749 5362 usurpatum
1765 5297 1824 5349 tum
1838 5292 1926 5364 etiam,
1941 5283 1997 5360 quia
