4232 6220
902 451 1010 502 CAPUT
1023 453 1071 501 Vt.
1689 435 1750 498 663

152 583 383 654 estpraeceptum
394 579 583 651 praemittendi
594 576 794 635 eonlessionem
806 581 867 633 ant'e
879 592 955 633 oom-
989 575 1110 649 indigno,
1125 580 1174 633 aut
1187 577 1301 648 lrrrioso,
1318 576 1393 649 quod
1409 592 1437 632 re
1453 593 1516 634 rera
1531 575 1665 634 landatur
1679 578 1704 633 in
1720 577 1793 634 altir-

151 670 323 740 munionem,
348 669 403 725 sira
424 667 492 726 illud
515 670 550 726 sit
564 670 631 727 iuris
644 669 729 725 divini
743 667 894 738 naturalis,
911 667 954 723 rel
990 669 1091 722 matiro
1112 672 1261 738 praecepto
1284 674 1441 722 reverenter
1466 667 1599 731 tractandi
1624 667 1677 722 tale
1700 682 1791 722 saera-

151 759 272 832 positiri,
295 759 350 814 sire
372 759 500 832 lrpmaoi,
522 758 554 816 de
573 774 629 831 quo
648 765 724 815 recte
742 758 955 828 interpretamur
990 763 1124 812 mentum.
1141 755 1221 813 Unde
1239 755 1260 809 si
1281 753 1334 811 hoc
1355 755 1548 811 allirmativum
1563 761 1690 813 serretur
1704 755 1729 811 ia
1745 755 1791 811 ali·

151 863 205 904 non
221 847 417 920 obligaremus
431 849 565 905 existente
576 850 655 920 eopia
670 847 953 918 consessorum,quae
966 905 968 910 ,
990 860 1047 917 quo
1060 860 1127 901 casu
1140 845 1197 900 sine
1211 844 1255 900 illa
1267 845 1419 916 negatione,
1430 854 1496 902 tuno
1508 862 1560 901 non
1572 845 1702 918 obligavit
1714 861 1791 917 prae·

151 951 207 993 non
221 944 265 994 est
277 937 385 1008 epiiltia,
397 938 445 994 sed
459 938 579 995 conditio
593 955 626 995 ex
643 944 740 994 natura
756 939 793 993 rei
809 935 954 993 intrinsece
994 940 1105 1004 ceptum
1121 935 1360 1005 negativum,quin
1375 935 1465 990 solum
1481 933 1582 1007 obligat
1593 942 1730 1007 quatenus
1746 951 1792 991 ne·

151 1026 257 1082 inclusa
274 1029 300 1083 in
317 1027 362 1084 tali
374 1037 520 1100 praecepto
534 1027 797 1099 affirmativo,quam
810 1032 960 1098 propterea·
991 1024 1143 1080 cessarium
1164 1028 1207 1079 est
1226 1023 1259 1079 ad
1278 1023 1442 1080 servandum
1464 1025 1660 1082 affirmativum
1680 1041 1791 1097 praeoe-
1896 1038 1899 1046 ’

150 1114 186 1170 ad
206 1115 327 1172 tollenda
346 1114 430 1173 dubia
451 1133 581 1188 expresse
601 1116 726 1172 adhibuit
740 1114 890 1172 concilium
907 1115 954 1172 tri·
990 1121 1083 1184 ptum3
1107 1115 1186 1170 etita
1203 1112 1249 1168 ille
1263 1113 1449 1185 interpretatio
1464 1113 1566 1172 directe
1580 1121 1624 1172 est
1637 1119 1665 1171 io
1680 1131 1791 1187 praeoe-

150 1202 292 1260 dentinum
309 1220 377 1261 sess.
398 1209 442 1276 ts,
457 1221 520 1260 ean.
537 1206 647 1261 ultimo.
990 1209 1038 1273 pto
1054 1201 1229 1274 ellirmatiro,
1241 1217 1312 1274 quae
1325 1218 1379 1258 non
1393 1209 1435 1259 est
1448 1220 1497 1274 per
1510 1202 1646 1275 epiilriam,
1658 1210 1688 1260 ut
1701 1203 1792 1261 decla·

194 1297 237 1350 ts.
255 1295 352 1366 Dices,
371 1294 396 1348 in
412 1293 470 1366 lege
485 1310 555 1351 nova
569 1295 650 1352 etiam
665 1311 724 1360 esse
739 1295 829 1368 aliqua
842 1309 953 1366 praece·
991 1292 1058 1346 rari.
1076 1292 1110 1347 Et
1133 1291 1206 1347 eliud
1225 1290 1381 1364 exemplum
1401 1293 1578 1350 subiiciemus
1599 1292 1727 1350 solvendo
1747 1308 1791 1351 ar·

151 1389 198 1454 pta
220 1385 366 1457 negativa,
389 1399 459 1456 qrrae
479 1384 616 1442 interdum
631 1387 779 1458 requirunt
792 1388 954 1456 interpreta-
988 1387 1129 1453 gemente.
1234 1409 1240 1422 ·

152 1473 274 1542 tionem,
297 1479 328 1529 ut
347 1488 400 1530 non
423 1473 504 1530 dandi
525 1483 732 1532 sacramentum
748 1474 880 1546 indignis,
900 1489 953 1529 non
1028 1475 1074 1528 20.
1090 1471 1212 1528 Primum
1227 1486 1293 1543 ergo
1307 1479 1499 1545 argumentum
1514 1473 1668 1529 contrariae
1682 1479 1792 1529 senten·

152 1560 299 1618 accedendi
314 1560 348 1618 ad
361 1573 567 1620 sacramentum
582 1565 608 1619 in
624 1571 739 1636 peccato
758 1563 877 1631 mortali,
889 1569 917 1619 et
932 1562 953 1618 si
991 1563 1045 1617 tiae
1065 1568 1205 1632 sumptum
1225 1577 1260 1617 ex
1278 1561 1370 1616 verbis
1389 1561 1500 1631 Christi,
1524 1560 1737 1636 Quodcumque
1756 1560 1791 1616 it-

151 1665 222 1722 quae
237 1659 301 1708 sunt
314 1651 421 1708 similia.
438 1653 611 1724 Respondeo,
628 1655 653 1710 in
670 1654 722 1711 hac
736 1654 806 1727 lege,
823 1661 953 1722 utsupra
988 1653 1114 1724 poneris,
1132 1656 1186 1706 eto.
1204 1651 1325 1706 soluturo
1340 1651 1391 1706 iarn
1410 1659 1453 1706 est
1466 1650 1628 1722 explicando
1642 1652 1717 1708 dicte
1732 1667 1792 1708 ser·

150 1740 276 1814 dixi,oon
287 1758 348 1798 esse
359 1750 506 1814 praecepta
519 1747 759 1818 negativa,utique
773 1745 852 1816 pura,
865 1748 892 1798 et
906 1755 953 1812 per
989 1738 1034 1810 ba,
1047 1747 1075 1795 et
1089 1739 1270 1810 ostendendo,
1284 1740 1336 1794 sub
1349 1739 1394 1794 illa
1408 1739 1584 1810 generalitate
1599 1757 1652 1796 oon
1666 1756 1792 1813 compre-

151 1847 181 1886 se
192 1831 281 1902 primo
292 1846 324 1886 ao
335 1830 437 1888 directe
447 1831 573 1903 imposita
585 1848 633 1904 per
646 1834 787 1905 positivam
800 1830 953 1902 prohibitio·
990 1827 1069 1884 heddi
1094 1826 1325 1900 dispensationem
1346 1829 1371 1883 io
1392 1827 1497 1900 legibus
1520 1830 1665 1900 ipsiusmet
1678 1829 1791 1900 Christi,

150 1935 223 1976 nem.
239 1922 309 1977 Sunt
328 1925 419 1978 tameo
440 1922 530 1994 aliqua
550 1931 700 1994 praecepta
716 1924 840 1996 negativa
855 1937 954 1978 conse·
988 1933 1039 1974 neo
1055 1917 1129 1974 illam
1143 1921 1326 1974 extensionem
1341 1933 1402 1974 esse
1418 1919 1558 1975 traditioni
1569 1918 1709 1975 Ecclesiae
1724 1935 1792 1976 con·

150 2011 263 2082 quentia
277 2010 310 2066 ab
324 2010 384 2067 eliis
398 2011 628 2081 affirmativis,rel
640 2015 733 2070 intime
744 2013 893 2069 coniuncta
906 2027 954 2082 po·
988 2007 1114 2070 formem,
1131 2023 1180 2063 nec
1195 2008 1294 2063 rationi
1309 2014 1534 2080 consentaneam,
1551 2024 1614 2064 eum
1631 2010 1667 2065 sit
1682 2017 1792 2067 contra·

150 2100 245 2157 sitisse
258 2106 303 2169 et,
319 2107 351 2157 ut
364 2100 402 2157 sie
418 2100 518 2171 dicam,
535 2101 713 2160 ollirmativae
728 2101 891 2159 institutioni
906 2099 954 2156 ali·
987 2098 1029 2154 ria
1046 2096 1186 2153 stabilitati
1200 2097 1324 2152 eiusdem
1341 2095 1408 2169 legis
1421 2097 1533 2155 Christi.
1549 2099 1642 2170 Neque
1656 2099 1790 2172 exempla,

150 2189 231 2246 euius
252 2191 435 2262 sacrmenti,
455 2189 497 2246 rel
511 2192 654 2262 sacrificii,
670 2192 712 2249 rel
727 2193 844 2249 alieuius
858 2206 954 2248 mune·
987 2200 1059 2259 quae
1079 2186 1230 2242 alleruntur
1252 2187 1277 2240 in
1293 2186 1416 2242 secundo
1430 2195 1593 2257 argumento
1610 2186 1643 2242 de
1657 2189 1792 2244 iuramen-

150 2279 235 2350 ris3at
247 2285 314 2336 tuac
330 2280 486 2351 negativum
499 2288 676 2353 praeceptum
689 2297 737 2350 per
748 2279 952 2352 affirmativum,
988 2277 1034 2347 tis,
1048 2275 1126 2346 rotis,
1138 2281 1166 2331 et
1180 2275 1352 2331 matrimonio
1367 2282 1438 2342 rato,
1450 2282 1515 2331 suot
1530 2275 1636 2348 similia3
1649 2276 1713 2348 quia
1726 2292 1791 2334 cunr

150 2371 178 2424 in
191 2385 247 2442 quo
260 2369 402 2442 landatur,
414 2369 598 2443 regulandum
613 2378 666 2427 est.
682 2372 717 2428 Et
730 2370 791 2427 hinc
805 2375 858 2440 est,
872 2376 903 2424 ut
914 2377 953 2426 ta·
988 2362 1032 2420 illa
1052 2362 1264 2434 dispensantur,
1284 2380 1338 2420 aon
1357 2359 1497 2420 relaxatur
1515 2364 1607 2436 aliqua
1628 2365 1669 2422 lex
1689 2367 1790 2438 divina,

150 2457 188 2514 lia
201 2466 347 2531 praecepta
361 2460 486 2531 negativa
501 2458 638 2515 interdum
653 2459 706 2515 sint
721 2460 788 2516 adeo
803 2460 953 2515 intrinsece
988 2452 1034 2508 sed
1050 2455 1161 2510 materia
1172 2455 1231 2510 eius
1242 2453 1425 2519 subtrahitur,
1439 2455 1506 2511 utin
1519 2453 1564 2511 lib.
1581 2455 1616 2510 ll.
1635 2456 1789 2529 attigimus,

150 2546 239 2626 mala,
256 2554 286 2604 ut
301 2546 403 2604 nullam
418 2549 553 2620 recipiant
566 2547 808 2622 dispensationem,
825 2564 875 2605 nec
889 2548 954 2621 epii-
988 2549 1015 2598 et
1035 2542 1115 2599 latius
1132 2543 1156 2597 io
1173 2551 1241 2599 tom.
1259 2546 1287 2599 2.
1303 2542 1337 2598 da
1351 2543 1438 2616 Relig.
1457 2545 1490 2599 Et
1503 2542 1576 2599 idern
1592 2542 1738 2600 dicendum
1752 2552 1793 2601 est

150 2634 368 2709 liaml'alisque
383 2643 427 2692 est
440 2637 582 2708 prohibitio
597 2637 668 2694 lacta
683 2637 847 2706 consessori,
861 2653 895 2694 oe
909 2654 951 2693 se·
986 2631 1020 2704 de
1030 2630 1209 2688 dissolutione
1221 2630 1322 2687 vinculi
1335 2631 1401 2688 inter
1412 2632 1574 2703 episcopum
1584 2641 1612 2689 et
1625 2632 1788 2703 Ecclesiam

149 2733 257 2782 eretum
279 2726 457 2783 confessionis
477 2727 590 2784 revelet.
606 2729 674 2784 Nom
690 2731 716 2782 io
730 2727 785 2784 hoo
801 2733 949 2799 proooopto
987 2737 1049 2776 nam
1068 2723 1150 2776 etiam
1170 2719 1205 2774 ibi
1219 2721 1382 2791 supponitur
1397 2721 1539 2776 vinculum
1561 2721 1680 2778 humana
1696 2721 1794 2779 volua-

150 2813 225 2872 nulle
239 2814 314 2886 cadit
328 2816 533 2889 interpretatio,
549 2819 605 2874 sire
619 2817 788 2891 intelligatur
803 2825 833 2874 ut
847 2819 951 2890 speoia-
986 2815 1041 2866 late
1058 2816 1251 2880 contractum,
1273 2817 1301 2866 et
1322 2825 1353 2864 ex
1372 2826 1404 2865 ea
1419 2817 1494 2880 parte
1508 2810 1620 2866 dissolvi
1637 2818 1729 2882 potest
1742 2826 1792 2883 par

151 2903 212 2960 liter
225 2903 386 2962 adiunctum
400 2920 433 2962 ex
447 2904 698 2964 voluntateChristi
710 2907 755 2963 tali
768 2913 950 2976 sacramento,
988 2899 1159 2957 voluntatem
1178 2901 1369 2973 superiorum,
1384 2901 1512 2972 quamvis
1532 2899 1566 2956 ad
1582 2901 1633 2957 hoo
1649 2902 1730 2958 etiam
1745 2917 1791 2958 ne·

151 2993 209 3048 sire
224 2993 311 3066 (quod
325 2993 574 3065 probabilissimum
589 3001 646 3066 est)
660 3001 789 3068 tanquam
803 2997 953 3052 intrinsece
988 2991 1110 3046 cessaria
1128 2992 1163 3046 sit
1182 2996 1303 3062 potestas
1320 2989 1427 3058 divina,
1449 2989 1532 3048 idest
1547 3006 1562 3046 a
1576 2993 1630 3047 lieo
1647 3006 1789 3048 concessa.

150 3097 324 3156 consequens
345 3099 379 3140 ex
400 3084 445 3140 tali
465 3085 648 3154 institutione,
663 3093 693 3142 et
707 3086 871 3142 necessitate
886 3101 952 3142 eoo·
987 3079 1150 3151 Exemplum
1173 3086 1265 3138 autem
1285 3078 1319 3135 de
1339 3079 1512 3136 matrimonio
1526 3086 1719 3137 consummato
1735 3097 1790 3138 nou

151 3172 286 3244 fessionis,
303 3180 335 3230 ut
349 3173 402 3231 lats
416 3174 470 3230 dixi
484 3175 511 3230 in
528 3178 555 3233 l.
572 3182 639 3232 tem.
658 3180 684 3231 3.
701 3177 799 3247 partis,
814 3175 885 3247 disp.
905 3180 950 3247 33,
988 3167 1177 3240 admittimus,
1192 3169 1257 3241 quia
1271 3170 1324 3224 ianr
1339 3167 1420 3224 habet
1433 3184 1467 3224 ex
1481 3169 1573 3225 dirino
1587 3169 1646 3225 iure
1664 3169 1789 3240 naturali,

151 3267 222 3318 sect.
235 3263 302 3321 i.Et
316 3261 368 3319 hoc
384 3261 539 3336 exemplum
551 3263 629 3320 valdo
641 3264 786 3320 confirmat
797 3263 952 3336 doctrinam
987 3257 1029 3313 rel
1044 3257 1161 3328 positivo
1176 3257 1306 3312 maiorem
1322 3257 1489 3326 firmitatem,
1504 3273 1589 3330 quarn
1603 3256 1715 3315 humani
1725 3273 1792 3315 oon-

151 3348 257 3422 datom3
273 3366 336 3408 nom
351 3351 374 3407 si
387 3351 549 3410 admittatur
563 3351 745 3426 dispensatio,
762 3353 803 3407 vot
820 3354 953 3424 intorpro-
988 3352 1107 3403 tractus.
1123 3343 1271 3402 Vinculum
1290 3350 1380 3400 autem
1394 3345 1524 3401 solemnis
1539 3346 1715 3417 professionis
1729 3347 1792 3403 reli·

151 3442 220 3498 tatio
235 3438 346 3513 epiiltiae
359 3442 384 3497 in
400 3443 553 3515 praeceptis
564 3442 739 3515 evangelicis,
751 3458 806 3498 non
820 3447 894 3498 esset
904 3440 955 3497 dii·
987 3433 1079 3505 giosae
1092 3449 1146 3490 nen
1162 3433 1243 3488 habet
1255 3448 1270 3488 a
1284 3435 1343 3488 inre
1357 3431 1460 3503 dirioo,
1473 3433 1520 3489 sed
1533 3441 1640 3491 tantam
1651 3436 1684 3492 ab
1702 3436 1793 3493 caele·

152 3529 222 3587 fieile
235 3529 308 3588 illam
322 3531 468 3589 extendere
483 3533 517 3588 ad
531 3532 584 3588 hoo
597 3538 786 3604 praeceptum,
797 3532 860 3604 qaia
872 3531 953 3587 etiam
988 3527 1098 3581 stastioo
1110 3522 1255 3595 specialem
1267 3522 1429 3580 firmitatem.
1438 3525 1561 3580 Tertium
1572 3524 1635 3580 item
1646 3540 1792 3598 argumen-

152 3627 270 3695 possuat
284 3635 437 3678 occurrere
448 3622 624 3694 gravissimae
639 3636 742 3678 causae
754 3626 782 3676 et
793 3621 954 3678 occasiones
989 3621 1048 3670 lum
1066 3627 1100 3670 ex
1120 3613 1224 3669 tallone
1243 3619 1385 3684 sumptum
1403 3613 1480 3670 facile
1498 3629 1532 3671 ex
1555 3612 1638 3670 dictis
1664 3613 1790 3685 seir-trun

152 3711 319 3782 pertinentes
340 3709 375 3767 ad
394 3699 541 3768 commune
561 3711 675 3784 booum3
691 3711 717 3767 in
731 3710 784 3772 hoe
800 3717 892 3768 autam
907 3710 955 3767 od-
988 3718 1050 3760 nam
1062 3702 1331 3775 praeceptapositira
1341 3703 1408 3776 legis
1418 3703 1520 3776 gratiae
1532 3711 1599 3761 suat
1613 3703 1789 3776 paucissima,

151 3801 222 3856 mitti
235 3815 289 3857 non
304 3805 409 3872 potest,
426 3806 455 3857 ut
467 3808 511 3857 est
524 3807 651 3872 certum3
667 3815 733 3874 ergo
748 3815 837 3872 neque
855 3800 880 3856 io
896 3798 954 3856 aliis
989 3800 1017 3850 et
1035 3807 1083 3866 per
1103 3807 1131 3848 se
1144 3798 1172 3848 et
1185 3792 1290 3848 directe
1304 3808 1358 3848 noo
1373 3800 1439 3850 sunt
1451 3795 1593 3866 negativa,
1609 3792 1657 3850 sed
1672 3794 1791 3851 aiiirma·

152 3889 313 3961 simpliciter
326 3890 387 3946 latis
401 3889 570 3947 admittenda
583 3898 636 3947 est.
650 3889 728 3947 Sicut
741 3890 821 3946 etiam
831 3905 864 3946 ex
877 3890 953 3946 insti·
988 3882 1054 3952 tiva,
1070 3895 1141 3954 quae
1154 3896 1188 3937 ex
1202 3880 1299 3938 eodem
1312 3883 1372 3937 iura
1386 3881 1476 3939 divino
1490 3885 1607 3954 positivo
1621 3899 1676 3940 non
1691 3883 1793 3942 babent

151 3979 258 4034 tutione
281 3981 444 4034 sacramenti
469 3981 595 4051 sequitur
620 3978 747 4052 obligatio
768 3995 822 4036 ooo
838 3978 954 4051 poooodi
989 3973 1057 4028 certi
1080 3972 1209 4043 temporis
1228 3970 1495 4044 determinationem
1515 3978 1543 4030 et
1562 3971 1623 4030 ideo
1638 3973 1672 4031 ad
1690 3989 1792 4032 occur·

152 4067 257 4124 obicem
269 4057 952 4142 sacramentaligratiae,quaeadeoestintrinsece
989 4060 1104 4118 rendum
1123 4060 1233 4119 casibus
1252 4062 1464 4119 occurrentibus
1485 4070 1620 4135 quantum
1641 4064 1791 4138 proexpli·
1889 4109 1894 4126 .

152 4159 322 4230 oooosooiio,
345 4163 377 4213 ot
390 4159 548 4229 oppositum
564 4173 703 4232 oooqoom
718 4158 806 4231 possit
818 4169 879 4215 oooo
893 4158 951 4216 poi.
989 4149 1076 4208 canda
1091 4151 1254 4224 obligatione
1269 4152 1454 4208 necessarium
1470 4158 1524 4225 est,
1537 4153 1643 4211 sullloit
1655 4157 1791 4226 interpre-

152 4253 212 4302 tum
224 4261 273 4317 per
287 4244 371 4302 ullam
385 4246 624 4318 dispensationem,
634 4247 676 4304 rel
688 4249 951 4319 interpretationem.
989 4242 1055 4297 tatio
1069 4239 1238 4312 doctrinalis,
1250 4254 1321 4313 quae
1336 4241 1361 4296 in
1372 4241 1496 4298 Ecclesia
1507 4243 1625 4314 pertinet
1637 4244 1671 4300 ad
1684 4244 1791 4301 'clarem
1812 4287 1816 4296 .

196 4333 400 4409 tlt.hliquando
414 4351 479 4392 rero
490 4342 668 4409 praeceptum
680 4335 876 4394 affirmativum
888 4352 955 4392 eon·
989 4331 1130 4403 scientiae,
1145 4337 1173 4387 et
1186 4347 1240 4399 ocu
1255 4336 1339 4388 nocet
1352 4330 1416 4404 lagi,
1431 4347 1482 4389 neo
1498 4333 1603 4390 relaxat
1613 4333 1698 4390 illam.
1713 4331 1791 4402 Quod

154 4425 278 4482 iunctum
303 4424 385 4482 alicui
409 4425 585 4497 institutioni,
609 4441 658 4482 seu
679 4440 852 4498 consequens
867 4425 950 4501 illam,
988 4437 1053 4478 reno
1067 4427 1173 4492 arnestat
1187 4420 1219 4477 ad
1235 4421 1454 4494 institutionem,
1470 4423 1512 4478 rel
1528 4422 1720 4479 necessitatem
1735 4438 1791 4480 me-

153 4513 206 4570 tale
221 4527 282 4570 esse
298 4519 402 4588 potest,
424 4521 457 4572 ut
470 4515 628 4588 negativum
642 4521 821 4586 praeceptum
834 4514 879 4572 illo
894 4515 956 4571 loo·
987 4511 1023 4568 dii
1037 4527 1089 4568 noa
1105 4513 1228 4583 oportuit
1241 4510 1384 4569 admittere
1399 4510 1639 4586 dispensationem,
1654 4511 1697 4570 rel
1710 4527 1792 4570 esce·

153 4603 251 4662 datram
265 4619 320 4661 non
336 4605 371 4662 sit
384 4605 495 4661 omnino
510 4604 719 4677 absolutum‚et
732 4603 885 4661 universale
896 4610 954 4660 un·
988 4601 1105 4674 ptionsm
1129 4607 1241 4674 propter
1260 4600 1368 4657 vitanda
1389 4601 1563 4660 incommoda
1580 4603 1705 4676 privata,
1727 4604 1792 4677 quia

152 4694 285 4767 quamde
301 4693 953 4767 reintrinsscemala5ettuncquamrishabere
989 4706 1043 4747 non
1064 4697 1173 4761 poterat
1194 4690 1246 4747 hoo
1267 4691 1324 4747 heri
1344 4691 1400 4747 sine
1419 4693 1515 4748 maiori
1533 4693 1707 4750 incommodo
1728 4693 1790 4751 boni

152 4786 241 4856 possit
254 4783 347 4840 locum
362 4783 452 4856 aliqua
466 4783 723 4856 interpretatio,non
740 4791 829 4840 tameo
845 4784 955 4856 propria
989 4781 1153 4851 eomrounis3
1167 4787 1195 4837 st
1207 4787 1251 4836 est
1262 4786 1360 4837 contra
1374 4787 1502 4838 naturam
1514 4790 1541 4838 et
1551 4782 1704 4840 firmitatem
1717 4783 1792 4840 insti·

153 4871 260 4946 epiilria,
273 4872 320 4929 sed
335 4873 502 4944 doctrinalis,
511 4880 538 4930 et
552 4881 613 4930 orte
626 4889 660 4928 ea
674 4881 820 4945 praecepto
836 4872 956 4929 sllirroa·
988 4872 1115 4940 tadonis,
1128 4885 1199 4943 quae
1214 4877 1307 4943 posset
1320 4869 1365 4927 illa
1380 4873 1525 4928 occasione
1540 4872 1790 4948 manumulierum,

152 4965 225 5036 tiro,
248 4963 274 5020 in
295 4979 351 5036 quo
374 4962 442 5020 illud
461 4964 618 5036 negativum
634 4962 775 5019 tundatur.
791 4963 954 5034 Exemplum
987 4969 1016 5020 ei
1029 4961 1160 5034 perverti.

151 5053 275 5111 adhiberi
288 5058 381 5126 potest
394 5052 420 5108 in
431 5059 579 5124 praecepto
589 5069 643 5110 non
654 5052 876 5110 communicandi
889 5068 954 5110 cunr
1027 5053 1068 5108 nd
1082 5053 1201 5123 primum
1216 5052 1308 5110 liutem
1321 5051 1488 5124 exemplum,
1503 5051 1577 5126 quod
1591 5052 1617 5108 in
1631 5059 1731 5124 qtrarto
1744 5068 1791 5110 ar-

151 5144 322 5200 conscientia
345 5142 451 5216 peccati
470 5141 593 5199 mortalis
608 5143 665 5199 sine
680 5143 788 5215 praevia
803 5143 954 5200 contessio-
988 5148 1118 5215 gumeato
1137 5149 1234 5198 eontra
1252 5141 1304 5197 hoc
1325 5141 1489 5198 eilerebstur
1503 5139 1536 5199 de
1554 5141 1677 5199 ministro
1693 5145 1792 5200 conlir·

152 5249 198 5306 ne,
209 5232 283 5307 quod
300 5231 405 5290 directe
420 5231 613 5291 affirmativum
627 5240 669 5289 est
682 5233 758 5290 iuxta
772 5235 899 5305 superius
914 5233 955 5290 oi·
989 5233 1129 5304 motionis,
1145 5230 1292 5288 dicendum
1306 5237 1363 5301 est,
1379 5230 1453 5289 illam
1466 5246 1521 5288 oon
1536 5246 1597 5288 esse
1611 5231 1789 5303 dispensatio-

152 5329 209 5396 cta,
228 5323 269 5381 rel
281 5322 379 5382 melius
393 5325 419 5380 ia
435 5332 580 5398 praecepto
591 5337 645 5380 non
660 5321 740 5381 dandi
752 5323 951 5383 Eucharistiam
988 5338 1050 5381 nem
1072 5321 1097 5379 in
1117 5322 1285 5380 institutione
1305 5319 1408 5397 divina,
1425 5321 1471 5378 sed
1487 5322 1577 5396 potius
1592 5321 1633 5379 rel
1647 5323 1734 5398 ipsam
1750 5325 1792 5384 ia·
