4232 6220
866 415 974 469 metir
987 417 1035 468 lv.
1648 407 1709 470 att

119 550 183 622 legis
200 554 390 621 sacramenta,
405 547 541 619 incepisse
557 546 755 605 institutionem
775 547 836 601 eius
856 551 917 600 ante
957 543 1063 600 nullum
1080 549 1257 616 praeceptum
1272 545 1355 602 huius
1371 547 1438 622 legis
1451 549 1557 620 publice
1569 550 1758 622 praedicatura

117 639 216 698 Christi
232 646 360 709 mortem,
376 646 408 695 ut
421 637 455 696 de
471 638 623 710 baptismo,
639 636 672 693 de
685 633 871 704 Eucharistia,
886 631 920 689 de
956 633 1019 704 luit,
1035 634 1142 691 virente
1158 633 1279 707 Christo,
1294 642 1435 708 tamquam
1451 637 1484 694 ad
1499 639 1618 696 salutem
1633 653 1759 694 necessa-

118 729 280 801 sacerdotio,
297 735 323 786 at
336 728 370 785 da
384 727 531 800 sacrificio,
548 733 577 784 et
590 727 611 782 si
625 724 699 799 quad
715 725 832 781 tortasse
847 721 919 780 aliud
956 721 1043 790 rium,
1066 737 1132 794 ergo
1151 723 1256 781 nullum
1279 727 1369 797 potuit
1388 732 1418 782 ut
1440 726 1481 783 lex
1501 728 1610 798 publica
1625 727 1756 801 obligare.

118 814 644 889 nocteCoenneperactumes13qrroad
660 814 711 871 alia
728 829 791 870 vero
806 828 866 885 esse
881 813 920 868 in·
956 810 1032 867 Unde
1053 827 1107 867 uon
1127 813 1225 886 relect,
1245 814 1320 886 quod
1339 814 1454 872 tortasse
1472 816 1599 872 Christus
1613 833 1665 874 suo
1680 832 1759 888 prae·

118 911 288 966 stitutionem
302 913 522 964 consummatam
534 905 843 977 pnstiiesurrectionem
859 899 922 959 autc
955 906 1034 970 cepto
1056 899 1218 974 obligaverit
1238 904 1375 972 apostolos
1395 905 1474 963 adse
1494 905 1699 978 baptizandum,
1716 907 1757 963 rel

116 997 312 1054 decensionem
325 997 445 1056 Domini.
459 1001 490 1050 ιιι
504 993 597 1067 quoad
610 1000 814 1052 sacramentum
826 991 920 1064 poeni·
955 989 1029 1063 quod
1049 991 1074 1045 in
1099 998 1180 1048 nocte
1199 993 1305 1049 Coenae
1324 994 1483 1066 obligaverit
1505 995 1566 1051 iilos
1585 995 1620 1051 ad
1642 995 1758 1052 oderen-

114 1087 228 1155 tentiae,
254 1084 436 1158 episcopalem
455 1082 594 1152 ordinem,
611 1091 639 1140 et
653 1082 792 1140 Ecclesiae
808 1097 919 1138 monar-
955 1079 1021 1136 dum
1043 1078 1258 1138 eucharisticum
1281 1084 1444 1141 sacrificium
1459 1100 1507 1157 per
1521 1085 1565 1140 illa
1582 1084 1678 1141 rerba:
1695 1088 1758 1141 Hoc

116 1174 217 1246 obiam3
231 1182 258 1230 et
273 1176 297 1230 si
312 1173 385 1246 qnod
399 1171 472 1229 aliud
487 1173 621 1229 extribus
636 1172 752 1230 residuis
763 1185 920 1228 sacramen·
946 1169 1058 1243 facite.
1079 1171 1145 1227 Nam
1160 1171 1278 1242 primum
1292 1173 1427 1230 incertum
1441 1181 1493 1246 est,
1509 1181 1538 1232 et
1550 1175 1595 1231 illo
1609 1173 1756 1246 dato,illud

115 1263 149 1318 tis
164 1268 244 1318 antea
258 1261 389 1320 traditum
405 1261 575 1332 coaluerat,
591 1276 662 1334 quae
676 1262 765 1318 omnia
776 1263 800 1316 in
812 1260 870 1317 suis
882 1259 920 1316 lo·
953 1257 1043 1320 solum
1068 1259 1122 1315 luit
1141 1276 1191 1331 per
1211 1263 1347 1332 privatum
1369 1278 1402 1318 ιο
1423 1263 1565 1335 personale
1588 1263 1756 1320 mandatum.

116 1355 155 1409 cis
180 1359 299 1432 tractata
319 1359 394 1409 suut.
418 1351 517 1408 Deinde
538 1366 592 1407 uon
614 1351 866 1414 tractamusetiam
885 1349 918 1406 de
954 1347 1031 1404 Sicut
1048 1348 1128 1405 etiam
1143 1351 1170 1406 iu
1185 1351 1756 1430 nocteCoonaepraecapitPetro,neablu·

115 1444 251 1515 utilitate,
272 1443 337 1515 quia
357 1441 426 1498 hacc
444 1443 526 1498 etiam
542 1457 605 1498 cum
621 1444 793 1498 institutione
808 1442 917 1511 incepit,
955 1437 1022 1494 tioni
1037 1437 1137 1508 pedum
1153 1440 1347 1498 resisteretur
1362 1441 1481 1497 secundo
1496 1441 1643 1512 rero,licet
1660 1457 1756 1498 rerum

114 1532 191 1590 iuxta
204 1533 344 1589 veriorem
357 1530 524 1602 doctrinam3
538 1545 599 1588 nam
615 1531 778 1602 baptismus,
792 1529 873 1586 simul
886 1543 919 1585 cc
954 1529 1001 1594 sit,
1020 1528 1065 1584 illa
1079 1529 1162 1584 verba
1177 1529 1260 1586 luisse
1275 1533 1497 1602 praeceptivam
1509 1533 1629 1603 potuisse
1644 1548 1677 1587 ex
1693 1540 1757 1588 tuuc

113 1624 258 1679 institutus
276 1627 339 1694 cst,
360 1622 462 1692 integre
480 1627 509 1686 et
529 1620 649 1692 periente
671 1629 713 1675 est
736 1619 877 1675 institutus
891 1627 919 1676 et
953 1617 1093 1689 apostolos
1116 1617 1253 1691 obligare3
1270 1626 1358 1676 tamen
1372 1622 1455 1677 etiam
1471 1629 1537 1677 tunc
1552 1636 1604 1677 ιιοιι
1621 1620 1756 1678 hebebant

113 1711 174 1768 ideo
189 1705 280 1767 stat'im
298 1712 407 1782 accepit
420 1710 549 1767 virtutem
565 1708 766 1777 sanctificandi,
782 1709 857 1765 iuxta
871 1708 920 1765 do·
954 1707 1000 1763 illa
1014 1707 1098 1764 rerba
1112 1714 1224 1776 statum,
1242 1717 1273 1766 ut
1287 1703 1325 1764 sic
1341 1709 1444 1781 dicam,
1460 1709 1525 1780 legis
1541 1710 1714 1782 universalis,
1729 1716 1757 1767 et

113 1802 229 1858 ctrinam
253 1800 309 1857 diri
322 1799 440 1856 'thomae
456 1803 482 1856 3.
499 1816 527 1871 p.
542 1815 570 1872 q.
593 1801 645 1866 66,
662 1805 713 1854 ιιι.
731 1801 765 1869 2,
791 1797 825 1854 ad
846 1805 868 1856 1.
885 1799 920 1854 Ει
953 1797 991 1854 ita
1006 1813 1060 1853 uon
1074 1797 1231 1870 obligabant
1245 1799 1453 1869 apostolos,nisi
1468 1815 1515 1870 per
1529 1798 1643 1855 modum
1659 1799 1755 1871 privati

113 1890 184 1948 idem
204 1905 221 1946 a
239 1889 345 1946 lortiori
360 1903 457 1945 rernm
475 1894 519 1946 est
538 1888 572 1945 de
586 1887 765 1945 Eucharistia
778 1893 807 1944 et
820 1887 854 1943 de
869 1887 919 1944 Or·
953 1887 1093 1957 praecepti
1108 1903 1159 1944 suo
1174 1893 1293 1957 tempore
1308 1887 1487 1955 observandis
1502 1894 1610 1945 certum
1625 1895 1667 1944 est
1686 1889 1756 1946 enim

112 1977 187 2045 diuo,
200 1994 233 2036 ac
248 1977 381 2035 secrilicic
395 1977 488 2050 quoad
503 1993 570 2034 suos
584 1977 701 2042 allectus
713 1991 761 2032 seu
775 1975 915 2032 utilitates.
953 1991 1006 2032 non
1022 1977 1059 2033 ita
1075 1983 1140 2032 tunc
1156 1977 1302 2050 obligasse,
1316 1984 1422 2036 utente
1436 1977 1535 2036 Christi
1549 1985 1665 2036 mortem
1682 1985 1757 2036 esset

112 2069 208 2142 Neque
226 2069 252 2124 in
274 2067 329 2123 his
349 2067 475 2124 occurrit
495 2065 585 2138 aliqua
602 2065 749 2122 difficultas
770 2064 852 2120 buius
866 2063 918 2120 loci
951 2064 985 2121 ab
998 2066 1128 2137 apostolis
1141 2065 1344 2139 exequendum.

113 2160 246 2232 proprie3
262 2172 333 2231 quae
347 2172 413 2214 rero
429 2163 555 2229 spectant
568 2155 601 2212 ed
617 2155 766 2213 doctrinam
781 2153 815 2211 de
827 2169 919 2210 sacra·
992 2158 1019 2213 6.
1035 2155 1140 2212 Omissa
1155 2171 1221 2228 ergo
1232 2155 1278 2213 illo
1291 2163 1423 2228 tempore,
1436 2158 1586 2214 multorum
1603 2159 1691 2230 opinio
1701 2164 1755 2232 est,

112 2249 223 2333 mentis,
239 2249 266 2302 in
283 2247 341 2303 suis
356 2245 423 2303 locis
437 2250 556 2302 tractata
571 2251 646 2302 sunt.
662 2247 776 2317 Agimus
792 2259 859 2314 ergo
874 2258 919 2298 so·
952 2242 1037 2316 legem
1054 2259 1151 2300 noram
1167 2243 1301 2316 obligasse
1315 2247 1341 2300 in
1357 2253 1459 2316 puncto
1475 2249 1572 2303 mortis
1595 2247 1705 2304 Christi.
1721 2249 1757 2305 ut

112 2337 171 2394 lum
185 2337 219 2393 de
234 2336 410 2410 obligatione,
426 2351 511 2408 quam
524 2335 605 2391 etiarn
621 2333 840 2406 subdistinguens
853 2348 917 2404 pos·
952 2331 1159 2389 tundamentum
1187 2339 1244 2405 est,
1265 2335 1329 2406 quia
1343 2341 1410 2391 tunc
1425 2334 1477 2391 luit
1490 2327 1756 2394 Testamentum‘no·

113 2443 212 2484 sumus
233 2428 260 2482 in
273 2429 422 2499 privatam,
438 2441 487 2482 seu
502 2434 647 2494 secretam,
664 2439 734 2496 quae
748 2427 839 2495 potest
855 2437 917 2494 pro·
952 2436 1018 2478 rum
1032 2429 1272 2494 consummatum,
1292 2438 1325 2478 ac
1341 2424 1418 2494 piene
1434 2424 1637 2496 confirmatum,
1655 2425 1689 2482 ad
1703 2426 1755 2484 lie·

112 2516 206 2572 venire
229 2531 263 2573 ert
285 2520 432 2588 praecepto
456 2513 581 2586 privatim
605 2511 689 2584 dato,
712 2519 741 2570 et
763 2519 793 2568 nt
807 2511 845 2568 sic
862 2526 916 2568 non
951 2511 1049 2569 bracos
1067 2516 1169 2586 iirergo
1180 2528 1212 2569 ex
1227 2519 1294 2570 tunc
1306 2511 1400 2570 habuit
1411 2514 1491 2571 etiam
1502 2516 1555 2571 rim
1572 2511 1720 2589 obligandi,
1730 2499 1756 2572 et

110 2604 281 2662 transcendit
294 2619 439 2678 personas,
454 2603 554 2676 quibus
568 2605 730 2675 impunitum
746 2617 827 2673 quam
842 2617 916 2658 nunc
951 2607 1151 2675 consequenter
1168 2603 1261 2658 statim
1275 2602 1395 2675 obligare
1411 2603 1521 2675 incepit.
1535 2604 1671 2661 Probatur
1688 2620 1755 2662 con·

92 2697 194 2753 etiam
213 2711 267 2751 non
287 2693 509 2762 consideramus,
531 2695 595 2765 quia
615 2693 647 2749 de
662 2691 772 2762 propria
786 2690 844 2763 lege
859 2696 916 2748 tra·
951 2693 1109 2764 sequentia,
1130 2692 1193 2764 quia
1214 2692 1356 2765 quodlibet
1375 2701 1486 2765 pactum
1502 2693 1671 2751 sufficienter
1687 2711 1755 2752 con·

110 2785 370 2843 erammutham
388 2799 456 2856 ergo
475 2781 604 2856 obligatio
624 2781 732 2854 publica
749 2789 778 2838 et
792 2781 918 2852 imposita
952 2787 1122 2838 summatum
1150 2783 1243 2838 statim
1263 2782 1380 2855 obligat,
1400 2789 1427 2840 et
1448 2788 1643 2840 testamentum
1667 2791 1756 2841 morte

110 2875 303 2932 communitati
324 2873 476 2946 perlectas,
497 2887 569 2945 quae
588 2887 603 2928 a
618 2871 728 2943 proprio
743 2871 801 2943 lege
818 2885 916 2941 prore·
952 2871 1147 2928 confirmatum
1168 2871 1258 2928 statim
1274 2869 1378 2928 inducit
1392 2871 1602 2944 obligationem,
1623 2871 1755 2945 quamde

108 2968 160 3037 nit,
177 2971 206 3022 et
218 2964 252 3021 de
265 2964 316 3021 hac
332 2964 506 3037 inquirimus,
520 2967 613 3020 utrum
624 2967 686 3019 ante
697 2960 796 3019 Christi
812 2960 916 3032 passio·
952 2975 981 3016 se
996 2966 1096 3032 potest.
1108 2960 1307 3034 Confirmatur,
1324 2963 1387 3034 quia
1400 2962 1537 3034 Christus,
1552 2963 1619 3020 dum
1639 2963 1754 3037 vireret,

109 3071 171 3113 nem
187 3055 329 3126 inceperit.
951 3049 1122 3108 sufficienter
1140 3049 1294 3130 doctrinam
1315 3066 1394 3107 suam
1412 3057 1441 3109 et
1454 3051 1541 3125 legem
1557 3052 1752 3126 promulgavit,
1775 3089 1777 3094 -

152 3150 179 3202 5.
197 3145 226 3199 ln
246 3143 297 3199 hoc
317 3156 384 3215 crgo
403 3157 486 3199 sensu
504 3140 582 3212 dico,
604 3141 746 3198 recitatam
761 3139 916 3211 opinionem
950 3155 1033 3212 ergo,
1056 3147 1088 3196 ut
1107 3138 1229 3212 obligare
1248 3141 1397 3213 inciperet,
1419 3140 1484 3198 nibil
1510 3140 1584 3200 aliud
1606 3140 1754 3199 desiderari

96 3235 176 3314 ,mihi
197 3249 252 3290 non
273 3231 357 3290 rideri
370 3231 562 3301 verisimilem,
577 3221 642 3304 quia
656 3230 689 3288 dc
704 3237 851 3301 praecepto
869 3231 917 3288 ba·
952 3230 1056 3302 potuit,
1081 3230 1131 3286 nisi
1156 3235 1187 3286 ut
1211 3229 1360 3302 redemptio
1378 3229 1477 3287 Christi
1495 3245 1544 3303 per
1565 3239 1680 3288 mortem
1695 3233 1755 3288 eius

109 3323 203 3397 ptirmi
217 3329 303 3396 supra
317 3328 459 3380 ostensam
473 3328 526 3392 est,
541 3337 596 3376 nnn
611 3320 748 3394 obligasse
762 3327 823 3378 ante
840 3319 917 3378 Chri·
952 3319 1325 3377 consummaretur.Tandem
1340 3320 1423 3393 aliqui
1438 3319 1491 3378 hoc
1508 3321 1755 3394 condiment,quis

108 3418 142 3473 sti
157 3421 290 3472 mortem:
310 3427 380 3486 qnae
394 3419 437 3469 est
451 3412 607 3468 cummunis
623 3411 757 3468 sententia
775 3409 917 3483 theologo·
951 3409 992 3467 les
1009 3415 1087 3466 retus
1101 3410 1127 3465 in
1142 3416 1245 3481 puncto
1260 3409 1353 3466 mortis
1366 3411 1467 3468 Christi
1482 3417 1591 3468 mortua
1605 3419 1649 3468 est
1661 3410 1754 3486 quoad

109 3521 173 3562 rum
194 3519 259 3561 cum
280 3503 342 3560 diro
356 3503 457 3559 Thomu
479 3501 554 3559 dicta
567 3517 596 3574 q.
613 3505 661 3573 66,
677 3508 706 3558 et
718 3502 743 3556 in
759 3505 790 3573 1,
807 3500 869 3557 dist.
886 3505 915 3573 2,
952 3500 1153 3573 obligationem3
1164 3515 1230 3574 ergo
1244 3506 1311 3558 tuuc
1326 3501 1406 3558 etiam
1421 3501 1463 3558 lex
1474 3501 1754 3574 ncraincepit,iuxta

107 3610 137 3668 q.
149 3603 175 3664 1,
192 3598 282 3664 arti,
304 3590 517 3666 quaestiuncula
531 3595 560 3662 3,
577 3598 605 3648 et
619 3588 682 3647 dist.
697 3595 724 3660 3,
738 3599 792 3647 ιιι.
811 3594 838 3660 5,
851 3593 915 3661 qi.
952 3591 1116 3663 principium
1132 3607 1216 3662 supra
1230 3593 1360 3663 positum,
1372 3590 1447 3665 quod
1463 3606 1515 3649 una
1530 3590 1573 3649 len
1588 3607 1643 3649 non
1660 3607 1754 3650 cessa-

107 3685 144 3740 Et
168 3683 221 3740 bac
245 3682 349 3740 ratione
374 3696 459 3754 supra
481 3682 565 3740 etiam
585 3681 720 3746 diximus,
739 3687 916 3752 pracceptum
952 3679 1095 3752 rit,donec
1110 3679 1195 3738 altera
1209 3680 1386 3754 obligarit.Et
1398 3681 1463 3739 baec
1475 3684 1609 3739 sententia
1624 3683 1753 3742 tribuitur

108 3771 333 3828 circumcisionis
355 3785 409 3826 non
434 3784 560 3826 cessasse
580 3777 644 3826 anta
664 3775 782 3826 mortem
809 3768 918 3842 Christi,
951 3768 1105 3826 d.Tbomae
1122 3770 1147 3826 in
1163 3773 1191 3840 1,
1203 3767 1338 3843 dist.t‚q.
1350 3775 1443 3842 l,a.t,
1456 3773 1629 3843 quaestione.
1644 3777 1673 3842 3,
1685 3789 1753 3848 qua·

107 3861 174 3934 quia
191 3861 342 3940 necessitas
360 3858 486 3931 baptismi
511 3875 565 3917 ncn
586 3860 739 3932 inceperam
762 3875 813 3918 nec
836 3859 918 3916 rerba
953 3863 1033 3914 tenus
1048 3855 1128 3928 dicit,
1137 3866 1306 3916 sacramente
1323 3859 1388 3932 legis
1404 3875 1490 3917 norae
1500 3860 1591 3934 quoad
1609 3862 1753 3922 utilitatem

106 3950 209 4007 Christi
224 3950 348 4022 privatim
362 3948 438 4006 dicta
452 3947 526 4004 illam
539 3947 717 4021 induxerant,
734 3947 782 4004 sed
800 3947 833 4004 ad
849 3957 918 4006 tem·
952 3949 1067 4006 dirersis
1087 3948 1256 4022 temporibus
1271 3949 1354 4006 luisse
1369 3949 1510 4024 instituta,
1525 3952 1619 4024 quoad
1634 3955 1752 4010 necessi·

107 4056 179 4112 pus,
200 4040 228 4095 in
248 4055 302 4111 quo
319 4043 380 4095 erat
392 4035 535 4116 terendum
550 4044 746 4113 praeceptum,
762 4037 918 4095 rescreban·
953 4045 1036 4096 tatem
1056 4054 1123 4096 vero
1139 4040 1231 4096 omnia
1249 4039 1331 4096 simul
1354 4039 1380 4096 in
1400 4041 1536 4113 passione.
1552 4045 1587 4099 ht
1601 4057 1665 4100 vero
1680 4046 1707 4100 3.
1723 4058 1750 4115 p.

109 4137 169 4187 tur.
185 4129 262 4187 Unde
277 4126 374 4185 biattb.
392 4131 435 4185 13.
448 4127 538 4184 iureni
551 4128 741 4201 interroganti:
760 4125 841 4202 Quid
851 4127 919 4183 boni
951 4145 979 4202 q.
993 4132 1040 4199 66,
1055 4131 1146 4200 ortt,
1162 4127 1215 4185 hoc
1232 4129 1316 4201 magis
1330 4129 1470 4202 explicans
1484 4132 1512 4186 in
1526 4130 1659 4203 baptismo
1674 4131 1751 4206 dicit,

100 4218 238 4293 sociam,
256 4221 289 4274 ut
301 4215 431 4274 taceam
443 4219 538 4274 vitum
552 4216 858 4286 aeterncmrctutstus
873 4231 918 4272 so·
939 4219 1158 4275 'necessitatem
1184 4217 1288 4275 utendi
1314 4217 1366 4275 illo
1391 4226 1581 4278 sacramento
1603 4221 1753 4280 indictam

109 4311 170 4366 lum
197 4305 352 4379 respondit:
379 4308 415 4363 St
439 4309 484 4362 ots
508 4303 551 4362 ud
569 4308 664 4362 vitam
679 4303 809 4379 ingredi,
832 4319 920 4362 sewu
952 4323 1014 4364 csse
1026 4307 1194 4364 hominibus
1206 4312 1273 4383 post
1281 4311 1454 4383 passionem
1466 4316 1494 4368 et
1505 4315 1752 4370 resurrectionem

111 4395 275 4457 anecdota.
289 4397 322 4454 ut
337 4393 427 4452 statim
440 4395 519 4467 ponit
532 4400 678 4466 praecepta
689 4394 828 4467 moalogi,
843 4392 918 4452 nulla
955 4397 1087 4464 corutu-
1106 4405 1135 4453 et
1155 4399 1241 4470 magis
1260 4397 1288 4454 id
1306 4397 1430 4456 declarat
1442 4400 1469 4456 iu
1483 4399 1580 4458 codem
1597 4406 1624 4472 t,
1639 4400 1706 4457 dist.
1723 4405 1751 4475 3,

111 4489 187 4547 iacta
201 4487 337 4544 mentione
352 4485 496 4558 baptismi,
511 4499 594 4558 quem
608 4490 683 4542 certe
698 4500 753 4542 non
770 4485 916 4552 tacuisset,
953 4503 980 4560 q.
996 4493 1022 4558 t,
1037 4503 1063 4543 a.
1079 4491 1106 4558 6,
1122 4487 1332 4560 quaestiones,
1342 4488 1447 4563 dicens,
1466 4488 1752 4564 baptismumfutese

110 4580 134 4638 si
151 4579 205 4634 iam
218 4583 293 4634 asset
306 4575 340 4632 ad
355 4574 472 4646 salutern
485 4574 669 4631 necessarius⁴
691 4573 847 4647 idemquca
864 4573 918 4629 ior·
952 4573 1163 4650 obligatorium
1169 4581 1237 4650 post
1245 4579 1416 4650 passionem
1423 4583 1569 4652 quautam
1584 4577 1627 4637 acl
1636 4595 1748 4648 omnes,

110 4671 175 4726 tiori
192 4675 235 4726 est
248 4667 282 4724 de
298 4670 446 4739 praecepto
461 4664 664 4736 Eucharistiae,
680 4669 709 4721 et
723 4663 795 4720 unici
817 4662 919 4718 sacrid-
953 4663 995 4722 ad
1007 4681 1078 4738 quos
1091 4667 1188 4739 potuit
1202 4668 1347 4723 institutio
1360 4670 1524 4741 permanire.
1541 4669 1636 4741 itaque
1646 4668 1752 4732 diho-

110 4756 274 4830 ciiqnullum
289 4771 356 4827 crgo
367 4761 410 4812 est
422 4754 562 4825 positivum
574 4759 753 4826 praeceptum
765 4753 831 4824 legis
842 4751 919 4810 Chri·
952 4771 1012 4812 mas
1028 4755 1115 4828 magis
1128 4753 1232 4811 indicat
1246 4758 1509 4831 seutentiam,quam
1524 4765 1619 4830 postea
1632 4758 1753 4832 explica·
1848 4783 1851 4790 ·

111 4849 162 4918 sti,
179 4846 253 4920 quod
269 4854 331 4902 ente
345 4845 431 4918 ipsius
447 4850 564 4900 mortem
578 4857 626 4914 per
641 4842 753 4926 modum
768 4841 835 4914 legis
850 4839 918 4896 ohli-
952 4843 1052 4900 bimus.
1067 4845 1120 4900 Pro
1143 4844 1194 4900 hac
1215 4859 1279 4902 vero
1299 4844 1394 4902 reterri
1416 4854 1533 4917 possunt
1550 4847 1687 4922 theologi,
1703 4852 1751 4923 qui

111 4937 230 5014 garetii.
249 4934 437 5007 congruentia
456 4933 514 4990 dari
533 4931 620 5002 solet,
637 4933 702 5006 quia
715 4933 917 4988 Testamentum
951 4935 978 4990 in
994 4930 1021 4992 ι’.
1037 4933 1152 5004 dicunt,
1168 4933 1295 5006 baptismi
1309 4935 1501 5008 obligationem
1515 4943 1544 4994 et
1559 4939 1752 4998 necessitatem

112 5043 217 5083 norum
238 5041 292 5082 nou
313 5033 374 5081 erat
393 5029 454 5080 aute
468 5030 584 5080 mortem
598 5022 698 5079 Christi
714 5024 917 5092 confirmatum,
951 5029 1069 5080 amorte
1084 5021 1183 5080 Christi
1198 5023 1346 5094 incepisse,
1366 5030 1396 5080 ut
1411 5024 1531 5082 Durand.
1548 5026 1614 5084 dist.
1635 5033 1661 5099 1,
1676 5045 1705 5102 q.
1722 5034 1751 5102 9,

113 5123 147 5174 ut
165 5114 266 5172 dicitnr
280 5112 315 5170 ad
329 5112 411 5171 Hebr.
429 5117 461 5184 3,
483 5127 572 5186 neque
586 5119 648 5169 erat
662 5113 855 5170 confirmatum
870 5126 918 5184 pa·
950 5111 1082 5168 Richard.
1102 5116 1128 5184 1,
1144 5127 1172 5186 q.
1186 5117 1250 5184 6,ιι
1262 5113 1359 5169 Pelud.
1374 5129 1403 5186 q.
1420 5118 1448 5182 6,
1463 5123 1516 5173 ιιι.
1532 5121 1559 5190 5,
1571 5124 1599 5173 et
1612 5117 1749 5177 Adrianus

113 5212 193 5262 ctum
205 5209 235 5259 et
247 5200 343 5258 lnedus
359 5201 523 5273 promissum
538 5203 667 5258 ieremias
682 5205 728 5272 31,
744 5208 772 5258 et
786 5201 846 5258 ideo
861 5216 917 5258 non
951 5216 980 5274 q.
1002 5204 1026 5271 1,
1041 5207 1070 5257 et
1085 5207 1241 5274 sequuntur
1257 5201 1334 5264 multi
1349 5202 1471 5262 moderni
1486 5205 1511 5262 in
1526 5209 1671 5278 praesenti.
1684 5209 1753 5266 Soto

115 5294 212 5352 debuit
237 5301 295 5350 tum
317 5292 447 5366 obligare.
470 5291 581 5366 Propria
600 5307 666 5349 vero
686 5292 753 5349 ratio
773 5298 833 5362 cst,
853 5291 918 5366 quia
954 5305 1018 5348 vero
1039 5290 1086 5348 lib.
1103 5295 1130 5350 2.
1149 5289 1181 5347 de
1201 5291 1291 5349 lustit.
1311 5309 1340 5366 q.
1360 5297 1386 5365 5,
1402 5301 1454 5352 art.
1471 5300 1499 5369 t,
1519 5295 1636 5374 addidit,
1658 5315 1711 5357 non
1727 5301 1751 5358 ia
