4256 6224
413 361 480 422 560
1114 375 1278 426 ιιιιιιιιιιι.

372 515 433 557 nem
447 501 551 572 iacere,
569 500 723 557 inconsulto
737 501 865 571 Domino,
881 500 944 573 quie
963 499 1083 557 uorrdum
1098 501 1170 556 ride·
1207 517 1256 574 per
1269 501 1434 558 contrariam
1456 497 1554 572 legem,
1571 514 1619 554 seu
1642 497 1813 556 voluntatem
1827 501 1875 556 liei
1897 513 2014 556 revoce-

371 587 452 644 botur
464 589 514 645 illis
527 589 585 644 talis
600 595 720 660 potestas
732 591 891 660 commissa,
904 605 954 646 nec
967 591 1050 660 ratio,
1063 596 1110 646 aut
1124 606 1171 646 ne·
1206 598 1264 647 tur.
1280 591 1353 647 luter
1376 605 1447 662 quos
1467 589 1538 644 duos
1562 585 1657 644 modos
1683 588 1734 644 boo
1758 588 1862 658 differt,
1887 587 1963 661 quod
1988 589 2014 644 in

369 681 482 735 cessitas
504 693 551 750 per
571 693 600 734 se
627 679 753 752 cogebat.
770 679 859 736 Tertio
879 695 944 752 ergo
969 679 1050 736 morlo
1071 679 1171 736 licebat
1205 679 1288 750 priori
1312 677 1353 734 lex
1375 679 1495 750 ipseper
1515 675 1669 743 sedesioit,
1692 679 1797 732 etiamsi
1812 683 1908 732 nostro
1931 677 2014 733 modo

369 767 436 824 baec
452 767 638 838 interpretatio
652 781 701 839 per
714 767 877 824 evidentiam
898 768 961 824 iacti
983 777 1010 826 et
1024 769 1170 825 necessita·
1204 767 1368 840 intelligendi
1384 783 1438 823 ooo
1451 769 1486 823 sit
1497 767 1522 822 io
1536 765 1675 822 volontate
1688 767 1777 822 divine
1791 773 1884 836 actus,
1901 781 1959 838 quo
1971 782 2017 822 re·

368 857 413 926 tis,
429 863 513 914 utest
528 873 575 928 per
586 873 614 913 se
629 858 802 914 manilestum
813 860 838 913 iu
854 873 921 914 casu
932 859 1166 916 llacbabaeorum.
1203 855 1234 912 lit
1256 857 1341 928 legem
1358 856 1464 924 tollerer
1488 855 1535 912 sed
1549 870 1583 911 ex
1604 857 1629 909 ri
1645 855 1742 925 prioris
1757 863 1837 912 actus
1856 855 1899 912 lex
1923 865 2014 912 cesset

365 947 424 1002 Non
446 947 591 1018 oportebat
612 954 718 1018 autem,
741 961 847 1019 semper
871 949 1060 1004 necessitatem
1086 949 1169 1004 tuisse
1204 946 1362 1002 adveniente
1378 947 1504 1014 termino,
1517 945 1580 1016 quia
1596 945 1686 1000 divina
1701 945 1828 1002 voluutas
1844 945 1921 1001 ultra
1937 944 2014 1000 illum

366 1041 533 1104 extremam,
554 1042 585 1091 ut
599 1035 708 1092 videtur
722 1036 806 1092 tuisse
820 1039 847 1091 iu
861 1035 907 1092 illo
922 1052 1006 1109 casir,
1029 1035 1076 1093 sed
1091 1037 1169 1094 solli·
1202 1036 1335 1108 obligare,
1353 1036 1395 1092 vel
1409 1037 1517 1108 operari
1532 1034 1630 1105 noluit,
1645 1041 1673 1090 et
1686 1035 1744 1090 sine
1758 1043 1824 1092 ectu
1845 1035 1954 1090 divinae
1968 1051 2015 1090 ro·

365 1123 456 1180 ciebat
468 1139 528 1180 esse
548 1123 696 1194 moralem,
712 1132 739 1181 et
755 1125 992 1182 accommodatam
1009 1133 1166 1198 praecepto,
1202 1124 1312 1182 luntatis
1332 1142 1385 1183 oon
1398 1133 1441 1182 eet
1455 1125 1506 1181 lex.
1520 1126 1548 1180 lu
1565 1125 1708 1196 posteriori
1724 1131 1816 1184 autem
1837 1125 1922 1182 modo
1938 1125 2015 1181 iutel-

365 1219 397 1269 ut
411 1213 436 1268 in
451 1228 518 1269 casu
533 1213 616 1268 lievid
632 1213 685 1269 late
699 1214 820 1286 disputat
834 1214 915 1272 bbul.
928 1231 1022 1286 supra.
1200 1214 1294 1287 ligitur
1309 1215 1349 1270 lea
1366 1216 1489 1290 revocari
1506 1231 1554 1287 per
1568 1221 1662 1271 actum
1676 1214 1825 1271 voluntatis
1839 1215 1951 1272 divinae
1971 1231 2015 1271 ra-

406 1307 432 1360 8.
449 1305 514 1360 bico
533 1303 672 1360 secundo:
688 1304 743 1360 Lex
764 1310 842 1360 vetus
857 1305 994 1361 mutabilis
1012 1306 1091 1362 luite
1112 1309 1166 1363 lieo
1201 1305 1271 1360 tione
1292 1304 1470 1370 distinctum,
1491 1321 1547 1378 quo
1566 1307 1639 1361 Deus
1654 1303 1714 1361 vult
1733 1305 1775 1362 rel
1796 1306 1883 1378 legem
1903 1305 2011 1377 tollere,

363 1393 432 1464 ipso.
443 1393 515 1448 llaec
537 1396 651 1449 assertio
666 1393 732 1448 setis
747 1401 809 1450 noto
831 1401 883 1450 est.
899 1395 1010 1451 Probari
1023 1397 1096 1451 euim
1118 1411 1167 1467 po·
1199 1392 1241 1448 vel
1255 1392 1334 1449 aliem
1349 1400 1547 1465 repugnantem
1562 1393 1745 1450 introducere.

363 1487 417 1538 test
430 1497 462 1539 ca
482 1483 652 1554 generalibus
668 1483 823 1555 principiis,
839 1484 912 1556 quod
927 1484 1039 1556 quilibet
1060 1486 1166 1556 legisla·
1242 1486 1284 1540 lb.
1296 1482 1372 1539 Unde
1383 1483 1491 1538 tandem
1502 1481 1630 1538 facillime
1643 1483 1738 1538 satisfit
1749 1481 1853 1539 rationi
1865 1483 2011 1539 dubitandi

363 1577 407 1626 tor
421 1570 613 1644 potest'legem
628 1588 705 1628 suam
721 1578 840 1636 mutare,
863 1587 927 1628 eum
943 1572 976 1627 ab
996 1573 1054 1628 eius
1069 1573 1165 1629 volun·
1200 1572 1224 1626 io
1240 1571 1373 1644 principio
1390 1573 1503 1642 positae,
1515 1586 1586 1644 quae
1600 1587 1633 1628 ex
1648 1570 1765 1642 quodam
1781 1573 2011 1644 aequivocatione

361 1665 415 1715 tate
429 1659 552 1732 pendeat.
566 1663 631 1716 ltem
645 1677 678 1717 ea
700 1661 747 1717 illa
760 1661 860 1717 Christi
877 1663 1020 1731 sententia,
1033 1664 1098 1734 quia
1112 1665 1165 1719 bo·
1198 1661 1331 1732 procedit;
1349 1660 1390 1716 lex
1404 1661 1474 1715 enim
1490 1666 1570 1715 vetus
1585 1675 1638 1716 oon
1652 1669 1693 1715 cst
1707 1659 1749 1716 lex
1765 1660 1799 1716 ad
1814 1661 1905 1732 intra,
1923 1669 1956 1716 ut
1971 1661 2009 1716 sic

361 1752 452 1807 minus
463 1757 507 1806 est
520 1749 591 1807 filius
604 1750 721 1807 hominis
732 1753 813 1806 etiem
827 1751 942 1824 sabbati,
955 1752 993 1808 sic
1008 1755 1078 1808 enim
1091 1754 1163 1808 Deus
1198 1749 1307 1820 dicem,
1324 1749 1350 1806 io
1364 1751 1420 1806 lieo
1435 1752 1496 1820 ipso
1510 1749 1644 1818 existens,
1661 1749 1709 1804 sed
1723 1757 1766 1806 est
1782 1750 1825 1806 lex
1840 1750 1875 1806 ad
1893 1758 1972 1806 extre
1986 1753 2011 1806 in

359 1847 402 1896 est
413 1840 543 1896 Dominus
555 1856 702 1912 supremus
713 1841 798 1897 totius
813 1840 890 1913 legis,
903 1847 930 1896 et
941 1839 1063 1897 omilium
1075 1844 1162 1899 actio·
1198 1838 1348 1911 lapidibus,
1364 1846 1413 1896 eut
1427 1839 1592 1896 membranis
1615 1839 1728 1910 scripta.
1742 1838 1818 1896 Unde
1833 1855 1889 1895 non
1909 1849 1952 1895 est
1967 1854 2012 1894 vo-

359 1945 436 2000 num,
447 1946 518 2003 quae
529 1945 578 2000 per
587 1945 647 1985 eam
659 1931 876 2001 praecipiuntur,
889 1937 936 1986 aut
948 1936 1085 1998 veientum
1097 1947 1162 2003 ergo
1197 1928 1288 1985 luotae
1303 1929 1359 1998 bei,
1376 1929 1424 1984 sed
1438 1929 1545 2000 signum
1560 1926 1699 1999 quoddam
1714 1935 1859 1984 externum
1883 1928 2012 1984 volunta·

359 2027 450 2092 potest
461 2020 672 2092 prootvoluerit
683 2019 755 2076 illam
768 2025 883 2076 mutere.
895 2021 1016 2092 lienique
1028 2019 1162 2092 abrogare
1197 2019 1231 2072 tis
1245 2019 1302 2087 liei,
1318 2026 1346 2074 at
1358 2019 1473 2074 allectos
1487 2019 1557 2088 eius,
1570 2022 1597 2072 et
1611 2015 1671 2072 ideo
1688 2015 1752 2072 licet
1769 2015 1899 2072 voluutas
1915 2017 1961 2072 liei
1976 2018 2010 2072 sit

357 2108 432 2165 illem
447 2109 545 2179 potuit,
566 2116 596 2166 ιιι
611 2109 643 2164 de
658 2108 731 2165 iacto
746 2108 893 2181 abrogasse
914 2110 1005 2164 statim
1024 2108 1159 2179 dicemns3
1196 2106 1381 2178 immutabilis,
1403 2105 1444 2162 lex
1460 2106 1513 2162 dici
1528 2111 1618 2176 potest
1631 2121 1691 2161 esse
1704 2104 1862 2176 mutabilis,
1880 2106 1947 2178 quia
1962 2121 2010 2177 per

358 2213 425 2270 ergo
439 2214 455 2254 a
468 2198 571 2254 lortiori
587 2201 614 2254 iu
630 2198 672 2253 illa
688 2197 861 2270 dispensare,
876 2205 903 2254 et
916 2197 1068 2270 quamlibet
1082 2198 1161 2256 aliam
1196 2201 1352 2266 temporum
1370 2197 1578 2272 successionem
1596 2195 1714 2251 effeetus
1729 2194 1837 2252 divinae
1862 2195 2010 2252 voluntatis

357 2287 535 2343 mutationem
547 2287 637 2343 iacere
652 2287 751 2358 potuit,
764 2302 825 2342 nom
841 2287 927 2342 omnis
941 2287 987 2343 ille
1002 2287 1091 2343 minor
1105 2294 1157 2358 est,
1196 2287 1295 2341 mutari
1311 2292 1440 2356 possunt.
1457 2300 1509 2339 noo
1526 2290 1630 2340 mutata
1643 2283 1734 2340 divina
1752 2284 1915 2354 voluntate,
1932 2287 2010 2340 sicut

358 2389 441 2448 quem
456 2375 605 2447 abrogatio.
620 2377 656 2432 Ut
670 2381 762 2430 eutem
777 2373 889 2432 modum
903 2375 1059 2446 possibilem
1081 2375 1162 2432 abro-
1196 2380 1284 2446 potest
1297 2376 1369 2430 Deras
1389 2373 1515 2444 angelum
1530 2373 1556 2427 in
1578 2371 1691 2428 nibilum
1707 2372 1849 2445 redigere,
1872 2389 1948 2447 quae
1969 2381 2011 2430 est

356 2467 472 2538 gationis
490 2464 669 2536 explicemus,
685 2463 828 2520 advertere
842 2471 962 2536 oportet,
977 2465 1055 2520 variis
1072 2465 1160 2522 modis
1195 2479 1293 2536 magua
1308 2463 1442 2535 quaedum
1457 2462 1582 2526 mutatio,
1597 2461 1650 2518 late
1665 2462 1698 2518 de
1715 2465 1870 2520 mutatione
1892 2463 2008 2536 loquen-

355 2553 468 2625 iutelligi
487 2569 579 2624 posse,
592 2553 660 2609 velle
675 2555 762 2610 Deum
776 2553 861 2625 legem
876 2554 993 2625 aliquam
1011 2553 1092 2610 ierre.
1102 2555 1160 2610 Pri·
1193 2554 1240 2624 do,
1256 2561 1339 2624 prout
1352 2569 1426 2608 nunc
1441 2552 1596 2623 loquimur,
1615 2551 1678 2607 licet
1691 2552 1781 2608 divina
1806 2553 1937 2609 voluntas
1954 2569 2006 2610 non

357 2660 413 2716 ruo,
432 2643 559 2700 absoluto
574 2642 684 2700 decreto
705 2644 852 2700 voluntatis
865 2659 932 2700 suae
949 2643 1112 2714 statuendo,
1129 2649 1161 2698 ut
1194 2649 1323 2700 mutetur.
1340 2643 1374 2698 Et
1393 2643 1464 2697 ratio
1478 2648 1532 2712 est,
1554 2642 1619 2713 quia
1633 2640 1779 2698 decretum
1803 2644 1865 2711 liei,
1882 2659 1940 2716 qno
1963 2660 2006 2700 res

355 2734 416 2790 talis
431 2733 473 2789 lex
494 2741 626 2805 perpetuo
641 2721 722 2788 derret
742 2733 867 2790 absolute
886 2743 914 2790 et
938 2733 1105 2806 simpliciter,
1126 2749 1157 2788 ec
1193 2732 1236 2802 bt,
1250 2733 1301 2788 'aut
1314 2737 1512 2800 conservatur,
1529 2729 1570 2784 vel
1584 2729 1627 2786 lex
1642 2729 1741 2802 lertnr,
1767 2735 1856 2804 potuit
1869 2747 1904 2788 ex
1920 2741 2005 2790 aeter-

356 2823 416 2878 siue
431 2821 587 2878 limitatione
603 2821 673 2892 ulla,
689 2822 761 2878 sicut
776 2823 888 2891 statuit,
904 2829 934 2878 ut
951 2825 1103 2893 praemium
1118 2822 1160 2878 ul·
1193 2821 1273 2877 nitate
1286 2820 1323 2876 ita
1337 2819 1467 2875 constitui
1481 2833 1530 2890 pro
1546 2816 1590 2875 tali
1604 2825 1778 2891 temperent
1793 2837 1847 2876 non
1869 2821 1953 2892 ultra,
1963 2821 2004 2877 rel

357 2912 454 2969 timum
470 2911 606 2968 bonorum
620 2925 747 2983 operum,
759 2917 787 2967 et
801 2927 886 2982 poena
900 2912 1034 2968 malorum
1049 2918 1158 2968 aeterua
1192 2909 1355 2982 negotiasse
1369 2906 1493 2964 babendo
1507 2913 1601 2963 nostro
1614 2908 1693 2965 modo
1706 2909 1884 2982 intelligendi,
1903 2911 1946 2966 vel
1959 2927 2004 2982 po-

356 3003 421 3074 sint,
437 3007 466 3058 et
479 3001 540 3058 talis
556 3001 596 3057 lea
612 3001 695 3056 semel
711 3003 751 3056 sic
767 3001 819 3058 lata
835 3003 951 3072 mutari,
967 3017 1014 3057 sen
1030 3001 1159 3074 abrogari
1193 2999 1269 3054 sitire
1284 2997 1399 3054 volendo
1415 2997 1498 3053 etiem
1512 3011 1546 3051 ea
1560 2999 1730 3067 aeternitate,
1748 3005 1781 3055 ut
1793 3015 1844 3070 pro
1864 3000 1919 3055 alio
1935 3007 2004 3055 tem-

355 3105 408 3146 noo
424 3097 528 3163 potest,
549 3091 631 3147 etiam
646 3091 679 3146 ab
694 3091 752 3162 ipso
766 3091 839 3162 boo,
860 3091 887 3146 iu
902 3107 1001 3162 sensu,
1023 3097 1055 3147 ut
1069 3092 1155 3160 aiunt,
1170 3118 1174 3127 ·
1192 3103 1257 3158 pore
1270 3103 1313 3144 res
1328 3087 1407 3144 aliter
1417 3103 1446 3144 se
1461 3087 1581 3158 haberet,
1595 3086 1635 3142 vel
1648 3086 1700 3143 alia
1712 3087 1754 3144 lex
1770 3090 2000 3144 constitueretur.

356 3181 521 3251 composito,
537 3181 601 3252 quia
614 3179 732 3250 implicat
745 3179 1002 3249 contradictionem,
1019 3183 1104 3238 Deum
1119 3182 1155 3238 ita
1191 3177 1267 3234 Unde
1284 3176 1373 3232 solum
1389 3179 1443 3233 erit
1456 3192 1511 3247 res,
1528 3191 1577 3231 seu
1591 3174 1632 3232 lea
1647 3176 1822 3232 immutabilis
1836 3193 1870 3233 cx
1885 3180 1911 3232 vi
1936 3177 2003 3232 diri·

299 3279 308 3288 ·
355 3267 571 3340 decrevisse,et
589 3269 731 3325 decretum
746 3285 800 3325 non
818 3269 1006 3342 impleri,aut
1020 3270 1155 3343 impediri,
1190 3266 1620 3337 naeroluototisiuxtaprimum
1639 3264 1751 3322 modum
1765 3280 1850 3337 supra
1866 3269 1999 3338 positum,

356 3358 457 3432 alioqol
482 3360 608 3415 voluntas
633 3359 759 3416 absolute
777 3360 825 3416 liei
844 3365 891 3416 aut
912 3359 1049 3416 mutabilis
1070 3367 1155 3434 esset,
1190 3353 1300 3427 quando
1312 3357 1356 3412 liei
1372 3355 1502 3412 voluntas
1517 3356 1630 3426 positive
1644 3354 1726 3410 vellet
1745 3362 1774 3411 et
1790 3355 1999 3425 absolutorem,

356 3458 405 3505 aut
416 3447 553 3504 inellicax.
1190 3451 1238 3500 aut
1255 3444 1342 3518 legem
1358 3460 1408 3516 pro
1429 3451 1488 3501 tota
1501 3445 1660 3500 aeternitate
1675 3443 1793 3514 durare,
1810 3447 1891 3517 quasi
1905 3447 2001 3517 positi·

396 3536 570 3608 assuendo,
587 3536 676 3608 potuit
691 3538 763 3592 beus
779 3535 866 3608 legem
880 3537 951 3593 lerre
965 3551 1014 3607 pro
1028 3537 1074 3592 tali
1089 3543 1157 3594 tem·
1189 3549 1255 3590 rum
1278 3533 1380 3590 babens
1404 3532 1548 3589 decretum
1566 3547 1709 3605 nunquam
1730 3531 1803 3589 illam
1826 3533 1998 3600 destruendi,

269 3621 273 3628 ’
354 3642 419 3699 pore
440 3641 527 3698 usque
549 3625 582 3682 ad
596 3632 703 3682 certum
719 3626 877 3695 terminum,
892 3641 941 3682 seu
957 3633 1095 3682 eventum.
1106 3627 1154 3683 Vel
1189 3623 1231 3679 vel
1250 3622 1409 3695 abrogandi.
1422 3623 1517 3679 Solum
1530 3637 1595 3694 ergo
1610 3621 1709 3693 probet
1723 3623 1791 3678 ratio
1805 3623 1893 3695 iacta,
1911 3624 1999 3696 legem

337 3775 340 3782 ,
354 3716 434 3772 tertio
446 3717 534 3787 potuit
544 3714 625 3784 velle,
637 3713 829 3787 obligationem
840 3714 900 3770 talis
912 3714 977 3786 legis
991 3714 1092 3771 durare
1103 3713 1155 3771 sub
1189 3711 1308 3768 divinam
1323 3711 1348 3766 in
1371 3727 1453 3768 sensu
1467 3710 1619 3782 composito
1634 3727 1688 3766 nou
1706 3726 1786 3782 posse
1806 3712 1937 3784 abrogari
1951 3729 1999 3784 pru

355 3807 439 3862 tacite
454 3804 620 3875 conditione,
637 3804 688 3858 nisi
702 3803 758 3875 ipse
769 3803 842 3859 aliud
857 3810 1000 3875 statueret,
1013 3803 1054 3858 rel
1066 3820 1155 3876 usque
1190 3800 1235 3857 illo
1251 3801 1348 3857 eodem
1363 3807 1498 3873 tempore,
1513 3815 1562 3871 pro
1577 3814 1632 3871 quo
1647 3802 1720 3856 licus
1735 3800 1822 3858 voluit
1835 3802 1912 3858 illam
1933 3819 1998 3859 coo·

354 3893 389 3950 ab
402 3891 604 3964 beneplacitum
620 3908 712 3949 strum.
729 3893 763 3949 Et
779 3899 898 3964 utroque
914 3893 994 3950 modo
1009 3901 1099 3964 potest
1113 3895 1155 3952 lea
1190 3893 1318 3962 stituere3
1335 3905 1396 3947 nam
1412 3889 1464 3947 boc
1486 3889 1598 3945 involvit
1612 3889 1876 3963 contradictionem,
1892 3897 1920 3948 et
1940 3909 1997 3948 mu·

355 3982 446 4039 divina
461 3997 522 4038 esse
537 3981 685 4052 mutabilis,
702 3977 808 4036 scilicet
822 3983 898 4053 quia,
915 3981 1007 4051 elapso
1021 3987 1153 4055 tempore,
1190 3981 1318 4036 tationem
1330 3981 1355 4036 in
1366 3982 1482 4050 ipsamet
1492 3979 1584 4035 divina
1596 3979 1833 4049 volontate.erod
1845 3983 1868 4038 si
1887 3999 1940 4054 pro
1955 3983 1996 4039 illo

355 4087 406 4146 pro
420 4087 476 4146 quo
492 4071 547 4127 lata
560 4077 618 4142 est,
637 4085 686 4126 seu
701 4069 860 4127 adveniente
875 4072 989 4128 termino
1003 4073 1080 4142 eius,
1096 4088 1155 4130 ces·
1190 4077 1311 4141 tempore
1326 4069 1474 4140 dispensari
1486 4069 1621 4139 potest-ab
1635 4071 1694 4140 ipso
1708 4071 1774 4139 lieo,
1785 4069 1846 4126 ideo
1866 4077 1923 4142 est,
1936 4073 1997 4145 quia

354 4167 397 4218 sat
411 4161 465 4216 sine
483 4159 532 4215 alia
547 4159 732 4226 revocatione,
749 4165 781 4215 ut
793 4159 928 4232 contingit
941 4159 967 4215 in
982 4160 1088 4234 legibus
1104 4160 1155 4217 bu·
1189 4158 1333 4216 decretum
1354 4158 1540 4215 constituendi
1562 4157 1648 4230 legero
1672 4175 1722 4230 pro
1742 4159 1834 4232 aliquo
1858 4167 1994 4234 tempore,

354 4249 456 4319 manis,
472 4249 513 4305 vel
528 4247 684 4320 privilegiis.
700 4247 735 4304 Et
749 4249 816 4303 ratio
830 4257 873 4306 est
893 4248 984 4320 clera,
1001 4252 1066 4324 quia
1085 4250 1154 4308 haec
1190 4265 1244 4305 ooo
1263 4247 1378 4304 includit
1391 4247 1536 4304 decretum
1551 4263 1605 4302 non
1619 4246 1792 4319 dispensandi
1806 4251 1833 4304 in
1852 4249 1917 4318 illa,
1934 4267 1995 4308 nam

354 4341 471 4398 mutatio
483 4339 549 4412 legis
561 4353 615 4395 oon
625 4344 667 4393 est
678 4353 727 4409 per
740 4337 880 4413 physicam
893 4339 1030 4396 etrcalem
1041 4355 1155 4396 succes·
1190 4339 1211 4393 si
1230 4339 1410 4411 fingeremus,
1438 4353 1503 4394 curo
1518 4335 1569 4391 bac
1586 4335 1669 4392 veluti
1684 4337 1829 4393 relleaiooe
1845 4353 1908 4396 cese
1923 4344 1995 4413 posi·

354 4431 456 4487 sionem
469 4429 494 4486 in
509 4429 566 4500 ipse
579 4426 649 4501 lage,
662 4427 746 4484 sedin
761 4435 894 4499 tempore,
907 4429 1027 4500 pro'quo
1038 4429 1152 4502 obligat,
1189 4436 1257 4499 tam,
1272 4435 1474 4501 cousequenter
1487 4433 1562 4483 esset
1574 4425 1636 4482 talis
1650 4425 1693 4483 lex
1708 4442 1758 4498 pro
1773 4443 1805 4483 eo
1823 4435 1959 4502 tempore,
1969 4439 1994 4488 et

354 4519 427 4578 unde
441 4527 484 4577 cst
498 4535 547 4592 per
561 4518 673 4596 modum
689 4516 830 4574 deeltioois
845 4519 983 4574 relationis
998 4517 1030 4574 ad
1044 4518 1155 4576 desitio·
1190 4517 1215 4573 lo
1232 4533 1314 4574 aenan
1330 4518 1481 4588 composito
1496 4515 1729 4590 indispensabilis,
1749 4525 1778 4575 et
1797 4535 1864 4577 cum
1880 4537 1994 4595 propor-

354 4627 416 4668 uem
431 4609 547 4666 termini.
559 4609 625 4664 Nam
639 4607 681 4664 lex
696 4615 738 4664 est
751 4609 858 4680 signum
873 4607 1022 4664 volrmtatis
1037 4609 1155 4680 obligan·
1190 4608 1263 4663 tione
1283 4613 1376 4678 potest
1397 4607 1460 4678 liogi
1481 4608 1589 4662 omuino
1610 4607 1797 4665 immutabilis.
1815 4611 1934 4670 Seeluse
1947 4629 1993 4672 au·

354 4703 388 4758 tis
404 4715 452 4771 pro
465 4698 509 4755 tali
525 4705 657 4769 tempore3
672 4696 754 4768 unde,
767 4703 873 4753 mutato
888 4703 1020 4768 tempore,
1033 4697 1085 4753 iam
1100 4713 1154 4754 non
1189 4703 1244 4752 tem
1260 4694 1306 4752 tali
1322 4696 1520 4768 suppositione,
1537 4702 1565 4752 et
1577 4697 1656 4767 quasi
1670 4695 1828 4768 rellerriona,
1842 4716 1876 4758 ac
1892 4703 1991 4776 simpli·

355 4789 489 4863 signiticat
503 4787 577 4844 illam
592 4786 769 4858 voluntatem,
785 4792 813 4842 et
826 4786 878 4842 hoc
894 4785 975 4842 modo
991 4786 1152 4859 abrogatur,
1190 4787 1256 4842 citer
1277 4785 1431 4858 loquendo,
1453 4783 1496 4844 lex
1515 4787 1597 4844 ctiam
1611 4784 1703 4843 divina
1717 4788 1858 4846 mutabilis
1872 4805 1934 4847 esse
1947 4809 1992 4865 po·

357 4884 386 4940 et
400 4877 499 4934 desinit
512 4874 699 4950 obligareilel
714 4877 795 4933 etiam
809 4875 951 4947 potcstlea
966 4875 1079 4951 aulerri,
1091 4877 1156 4950 quia
1190 4881 1261 4950 test,
1283 4891 1316 4932 ac
1337 4869 1471 4933 revocari.
