4232 6220
872 311 1079 394 Ιιιιιιιιιτιιιι.
1151 361 1155 368 ,
1693 295 1754 359 615

150 437 268 495 triennio
283 443 347 510 post
359 437 567 495 conversionem
580 453 670 508 suam3
683 437 836 495 seeundum
849 438 874 494 in
885 453 914 493 c.
927 442 955 494 t.
998 437 1059 493 inde
1075 439 1113 508 tit,
1130 437 1214 495 tuisse
1228 436 1303 494 illum
1319 452 1419 494 annum
1435 438 1572 495 decimum
1588 453 1689 496 nonum
1705 455 1720 495 a
1734 453 1795 510 pas·

145 533 214 604 post
229 545 323 584 annos
336 527 577 600 quatuordecim,
596 531 690 600 utique
702 545 717 585 a
730 529 816 600 primo
827 541 955 595 ascensu,
993 530 1068 583 sione
1085 529 1198 596 bomini,
1211 543 1273 583 nam
1285 528 1391 583 hiennio
1404 527 1550 599 postillam
1562 528 1706 583 conversio
1719 527 1796 583 Pauli

150 625 184 674 ut
197 607 346 674 contextui
361 617 417 689 ipse
432 615 540 685 suadet,
555 625 584 673 ει
598 618 674 673 molti
688 625 839 688 exponunt,
850 623 879 674 et
896 631 958 687 spe·
991 617 1116 688 contigit.
1132 617 1159 672 ln
1172 615 1241 672 idem
1254 621 1344 672 autem
1358 622 1466 687 tempus
1478 617 1580 687 optime
1592 615 1666 672 cadit
1680 631 1796 687 congre·
1899 681 1901 686 ,

151 707 257 764 cialiter
273 707 357 762 variis
367 707 520 764 rationibus
532 707 650 764 ostendit
660 708 694 763 ihi
709 708 850 764 Salmevon
865 706 958 776 dispu·
992 708 1066 777 gotio
1081 705 1146 762 dicti
1166 707 1365 777 concilii,.quia
1379 712 1458 761 antea
1468 722 1521 762 non
1535 712 1685 777 potuerunt
1699 709 1795 762 Petrus

150 799 252 852 tatione
264 800 310 852 22.
322 794 368 851 lile
391 801 481 852 autem
497 797 637 852 secundus
652 812 785 853 ascensus
797 796 872 852 Pauli
885 796 956 852 idem
993 801 1020 852 et
1041 795 1144 851 Paulus
1165 795 1360 870 Hierosolymis
1382 795 1460 850 simul
1482 795 1596 863 adesse,
1619 812 1683 850 cum
1699 797 1796 852 Peiros

151 885 204 941 luit
217 901 281 942 cum
296 884 352 956 illo,
373 884 475 956 quoad
491 884 557 942 illud
572 886 720 942 concilium
735 903 799 942 cum
815 885 872 942 aliis
889 901 958 940 oon·
993 885 1077 940 luerit
1091 885 1195 953 Romae
1209 899 1298 955 usque
1313 884 1347 939 ad
1362 899 1475 950 nouum,
1492 883 1533 939 vel
1544 883 1682 940 decimum
1694 899 1795 940 annum

150 976 236 1042 venit,
254 981 284 1030 ιιι
299 976 325 1029 in
344 973 440 1030 eodem
454 989 516 1045 cap.
532 979 560 1031 2.
577 975 802 1031 insinuathmhr.
819 974 956 1046 refertque
992 973 1097 1043 imperii
1119 971 1239 1042 Claudii,
1256 975 1302 1044 qui
1317 980 1359 1028 est
1374 971 1497 1028 decimus
1512 979 1628 1028 octavus
1642 987 1657 1028 a
1672 975 1795 1043 passione

152 1065 345 1138 Hieronymus,
365 1070 393 1119 et
408 1079 461 1119 oon
477 1064 623 1134 improbat,
636 1065 747 1120 etclare
758 1063 858 1120 docent
871 1064 957 1119 Theo·
993 1062 1109 1133 Domini,
1129 1069 1160 1118 ut
1174 1077 1205 1117 ex
1222 1061 1341 1117 historiis
1355 1069 1474 1118 constat.
1491 1063 1663 1135 Relinquitur
1674 1078 1751 1134 ergo,
1764 1068 1796 1117 ut

151 1151 341 1208 dorethnsel.
351 1150 610 1208 d.Tbom.Caietan.
624 1160 650 1209 et
660 1152 731 1209 Beda
740 1160 834 1209 Actor.
848 1159 891 1211 ts.
906 1156 957 1210 Po·
992 1151 1096 1208 laetum
1117 1151 1182 1207 illud
1198 1152 1289 1221 Petri,
1305 1151 1379 1223 quod
1395 1151 1569 1222 reprehendit
1583 1151 1684 1208 Paulus
1698 1149 1730 1206 ad
1745 1153 1795 1208 Ga·

153 1248 262 1314 testque
281 1242 359 1297 iacile
373 1240 481 1298 suaderi
496 1257 528 1298 ex
543 1242 689 1299 collatione
704 1245 849 1315 utriusque
861 1258 957 1298 ascen·
992 1240 1061 1296 latas
1073 1246 1102 1312 2,
1120 1240 1251 1297 acciderit
1265 1247 1326 1312 post
1340 1240 1511 1313 praedictum
1526 1241 1794 1316 hierosolymitanum

153 1347 218 1402 sus,
241 1338 268 1387 et
286 1345 320 1386 ειι
341 1331 555 1387 circumstantiis
577 1347 688 1402 eorum,
704 1339 732 1388 et
746 1348 780 1388 er
794 1331 852 1387 aliis
867 1333 959 1388 conie-
990 1331 1149 1386 concilium.

152 1420 241 1476 cluris
257 1421 386 1476 aratione
399 1427 555 1490 temporum
566 1423 697 1494 sumptim
711 1421 760 1476 illis
771 1427 863 1476 autem
876 1423 958 1476 ouris·
1034 1424 1061 1476 t.
1078 1419 1212 1490 Superest
1225 1417 1372 1494 dicendum
1388 1417 1421 1474 de
1435 1425 1558 1490 tempore
1574 1425 1635 1476 ante
1648 1421 1715 1476 iliud
1729 1437 1796 1478 con·

151 1511 202 1579 sis,
225 1509 277 1564 hac
303 1509 407 1566 ratione
428 1524 501 1565 nunc
522 1509 640 1565 breviter
661 1517 733 1567 utor.
749 1509 897 1578 Quiaalias
913 1508 957 1565 hio
993 1508 1097 1565 cilium.
1114 1511 1181 1566 llam
1195 1511 1222 1564 io
1238 1508 1282 1563 illo
1296 1524 1349 1563 non
1365 1517 1423 1563 crat
1443 1517 1539 1564 notum
1559 1511 1584 1564 io
1605 1510 1744 1581 Ecclesia,
1761 1526 1794 1566 an

152 1614 287 1656 aseensus
305 1597 391 1662 Pauli,
408 1603 491 1654 culus
506 1599 563 1669 ipse
578 1601 700 1656 meminit
711 1599 743 1655 ad
755 1599 841 1655 Galat.
856 1615 917 1670 cap.
928 1604 957 1668 2,
992 1597 1106 1671 gentiles
1121 1598 1245 1654 conversi
1258 1595 1290 1653 ad
1305 1597 1384 1652 iidem
1397 1597 1491 1668 legalia
1502 1613 1611 1654 servare
1624 1606 1793 1670 tenerentur,

151 1689 273 1744 omissus
297 1687 428 1743 luisseta
450 1689 523 1744 Luca
545 1688 570 1743 in
589 1687 700 1744 historia
714 1693 864 1758 lictorum,
884 1687 958 1759 quod
992 1702 1059 1758 ergo
1085 1703 1135 1759 pro
1156 1703 1189 1744 eo
1209 1693 1333 1756 tempore
1352 1686 1418 1742 dum
1434 1685 1506 1743 aliud
1521 1703 1574 1742 non
1590 1687 1793 1758 declarabatur,

151 1792 204 1834 non
229 1783 274 1832 est
292 1775 453 1845 verisimile,
470 1778 533 1848 quia
547 1785 607 1832 erat
621 1793 665 1832 res
680 1775 756 1832 valde
771 1778 872 1848 gravis,
888 1775 959 1832 mul·
994 1777 1064 1832 iuste
1081 1783 1206 1847 poterant
1219 1775 1253 1831 ad
1268 1775 1313 1832 illa
1327 1777 1459 1833 servanda
1474 1777 1616 1848 compelli,
1629 1794 1691 1834 nam
1707 1781 1733 1834 in
1745 1778 1796 1835 du·

149 1876 272 1939 tumque·
288 1865 322 1922 ad
336 1864 491 1922 doctrinam
507 1864 565 1920 lidei
581 1873 719 1936 spectans.
736 1864 853 1936 Sequela
868 1863 960 1920 decla·
993 1865 1036 1920 bio
1052 1866 1092 1922 lex
1110 1864 1243 1921 servanda
1254 1872 1306 1935 est,
1318 1866 1449 1937 quamdiu
1462 1881 1514 1921 non
1526 1871 1647 1938 constat,
1663 1883 1717 1923 noo
1727 1867 1795 1924 obli·

149 1961 240 2028 ratur,
257 1956 323 2027 quia
346 1957 434 2011 Lucas
449 1961 569 2026 quatuor
581 1961 687 2010 tantum
699 1966 832 2010 ascensus
844 1953 920 2011 Pauli
931 1955 958 2010 in
993 1969 1068 2026 gare.
1095 1953 1274 2010 Nihilominus
1294 1955 1464 2010 contrarium
1486 1957 1593 2011 omnino
1616 1957 1795 2014 asserendum

150 2043 320 2100 Hierusalem
345 2049 482 2099 numerat.
504 2043 612 2099 Primus
631 2050 674 2098 est
686 2045 781 2099 Actor.
799 2047 826 2101 9.
845 2043 958 2098 triennio
992 2051 1045 2101 est.
1062 2046 1098 2102 Ut
1119 2051 1210 2101 autern
1229 2044 1280 2100 boc
1304 2044 1405 2100 clarius
1420 2043 1562 2114 probetur,
1577 2052 1603 2101 et
1619 2045 1795 2120 intelligatur,

85 2195 89 2201 ,
149 2140 215 2205 post
235 2136 440 2189 conversionem
467 2147 563 2202 suam,
584 2132 617 2188 de
632 2149 687 2206 quo
703 2133 778 2190 nulla
793 2139 958 2202 potestesse
992 2136 1193 2212 distinguamus
1214 2133 1282 2190 illud
1303 2136 1422 2205 primurn
1443 2138 1550 2206 tempus
1570 2135 1596 2190 iu
1618 2134 1690 2205 duo,
1708 2151 1794 2193 unum

148 2225 287 2294 quaestio.
312 2220 458 2280 &enudus
478 2229 573 2279 Actor.
593 2228 636 2281 tt.
659 2223 693 2280 ad
714 2222 874 2280 deserendas
889 2223 958 2279 elee·
994 2239 1084 2297 usque
1099 2225 1132 2281 ad
1148 2224 1340 2281 revelationem
1355 2225 1454 2280 laetam
1470 2226 1562 2293 Petro,
1579 2232 1611 2280 ut
1624 2226 1736 2296 gentiles
1746 2226 1794 2282 ba·

149 2323 285 2388 mosynas
299 2311 441 2368 iratribus.
452 2311 560 2367 Tertius
573 2319 694 2384 tempore
706 2313 827 2382 concilii,
837 2314 897 2368 hot.
913 2315 956 2370 lb.
993 2316 1106 2385 ptizaret
1120 2319 1215 2370 lictor.
1236 2317 1287 2380 to,
1307 2327 1377 2385 quae
1398 2312 1497 2369 accidit
1517 2327 1586 2370 anuo
1606 2313 1705 2372 Christi
1728 2331 1796 2387 qua·

151 2403 273 2469 Quartus
290 2405 386 2458 Actor.
402 2405 436 2460 tt
450 2443 456 2474 ,
472 2401 582 2474 quaudo
598 2402 815 2474 comprehensos
831 2409 874 2456 εει
890 2417 904 2456 a
918 2403 959 2457 iu·
993 2402 1147 2475 dragesimo
1166 2403 1265 2474 primo,
1283 2401 1334 2457 hoc
1349 2404 1530 2472 estseptimo.
1543 2403 1584 2458 vel
1597 2411 1692 2459 octavo
1705 2421 1719 2460 a
1732 2421 1795 2476 pas·

151 2492 240 2549 dacis.
259 2493 296 2550 Et
312 2491 344 2549 de
359 2493 412 2548 hoc
426 2492 506 2548 etiam
521 2491 619 2548 ultimo
629 2508 682 2548 non
694 2499 737 2548 est
747 2490 882 2564 quaestio,
895 2492 959 2563 quia
994 2494 1069 2547 sione
1086 2492 1157 2562 eius,
1174 2499 1204 2548 ut
1216 2492 1347 2547 Baronius
1359 2491 1488 2549 ostendit.
1503 2491 1582 2548 attud
1592 2500 1634 2549 est
1645 2501 1706 2564 post
1722 2494 1795 2552 illam

150 2589 274 2652 constat,
293 2597 326 2638 eo
343 2587 466 2653 tempore
481 2584 534 2638 iam
549 2581 664 2638 Paulum
680 2581 831 2637 contulisse
842 2595 960 2652 evange·
994 2579 1187 2636 revelationem
1213 2591 1302 2652 usque
1327 2579 1359 2636 ad
1386 2579 1555 2651 praedictum
1585 2581 1743 2639 concilium.
1764 2585 1793 2639 ln

151 2670 218 2728 lium
234 2689 316 2728 suum
338 2687 405 2727 curn
419 2672 512 2727 Petro.
658 2738 661 2745 Ι
994 2668 1077 2738 priori
1088 2675 1210 2739 tempore
1223 2684 1276 2723 non
1287 2675 1331 2724 εει
1342 2667 1531 2739 praedicatum
1547 2671 1720 2743 evangelium
1730 2687 1800 2744 gena

200 2766 227 2817 3.
240 2763 278 2817 lte
288 2759 411 2817 secundo
423 2765 513 2815 autern
526 2759 608 2832 aliqui
619 2758 959 2831 dicerevoluernnt,coin-
995 2758 1081 2827 tibus,
1102 2773 1190 2829 neque
1204 2757 1300 2829 aliquis
1315 2772 1382 2828 pure
1396 2757 1503 2829 gentilis
1518 2758 1670 2829 baptizatus
1680 2768 1733 2830 est,
1747 2760 1794 2817 sed

152 2850 244 2907 cidere
269 2865 335 2906 cum
356 2865 477 2906 ascensu
497 2847 571 2904 Pauli
588 2848 620 2904 ad
634 2848 830 2906 conferendum
844 2861 959 2919 evange·
995 2847 1137 2903 Cornelius
1152 2847 1202 2903 luit
1214 2848 1330 2918 primus,
1344 2848 1390 2919 qui
1403 2843 1448 2904 liei
1459 2849 1566 2904 monitu
1578 2849 1730 2922 baptizatus
1741 2859 1793 2922 est,

153 2938 222 2996 lium
242 2955 307 2996 curn
328 2938 474 3011 apostolis,
496 2939 577 2994 cuius
598 2940 720 2996 meminit
740 2939 773 2995 ad
787 2939 845 2995 Gal.
863 2944 890 2996 2.
906 2937 958 2995 Sed
995 2942 1023 2993 et
1041 2943 1106 2992 tunc
1121 2937 1212 3006 coepit
1225 2936 1352 3008 gentibus
1366 2935 1456 2993 aditus
1472 2935 1505 2992 ad
1519 2938 1673 2994 Ecclesiam
1690 2953 1795 2995 vesera-

153 3046 207 3086 uon
226 3037 271 3086 est
285 3027 441 3096 verisimile,
457 3036 516 3084 turn
526 3028 590 3099 quia
601 3026 707 3084 nullum
720 3027 850 3085 indicium
861 3027 895 3083 ad
906 3028 958 3083 boo
994 3027 1035 3095 ri,
1051 3033 1083 3081 ut
1097 3031 1171 3081 recte
1186 3025 1222 3080 ait
1238 3025 1368 3081 Barouius
1384 3029 1478 3096 supra.
1494 3027 1597 3098 Estque
1612 3029 1713 3099 optima
1730 3043 1796 3084 ooo·

153 3117 332 3175 asserendum
347 3117 417 3173 sumi
430 3124 520 3189 potest
531 3132 563 3172 ex
575 3125 694 3190 utroque
706 3118 781 3186 loco,
795 3119 957 3189 tumeliam,
994 3115 1098 3172 iectura
1109 3158 1117 3183 ,
1129 3116 1193 3186 quia
1206 3116 1303 3170 Petrus
1319 3121 1405 3185 caput
1420 3115 1557 3172 Ecclesiae
1569 3132 1654 3173 ansus
1667 3134 1721 3173 oon
1736 3117 1796 3174 lue·

152 3209 217 3280 quia
234 3215 300 3263 tunc
314 3207 437 3263 nondum
451 3214 616 3264 crantortae
629 3209 816 3263 contentiones
830 3215 858 3262 et
879 3222 959 3263 scao·
995 3211 1038 3261 rat
1055 3210 1151 3276 gentes
1173 3203 1326 3274 baptizare3
1347 3219 1412 3276 ergo
1428 3221 1482 3260 non
1497 3213 1539 3261 est
1553 3207 1710 3275 verisimile,
1727 3207 1794 3263 alios

152 3296 226 3367 dala,
245 3311 364 3369 quorum
379 3297 525 3352 occasione
540 3295 642 3352 Paulus
656 3294 789 3366 ascendit,
805 3303 837 3352 ιιι
851 3295 958 3352 conier-
993 3293 1145 3364 apostolos,
1161 3292 1203 3348 vel
1222 3291 1374 3364 discipulos
1389 3293 1467 3363 prius
1482 3292 1587 3366 aliquos
1602 3295 1714 3367 gentiles
1728 3295 1795 3369 bap·

153 3393 198 3442 ret
217 3401 297 3442 suam
322 3385 477 3442 doctrinam
496 3400 560 3441 cum
576 3385 717 3455 apostolis.
732 3386 790 3441 Non
806 3386 877 3440 enim
897 3401 958 3456 pro·
993 3382 1100 3438 tirasse.
1117 3381 1193 3438 Unde
1209 3382 1302 3437 Actor.
1323 3383 1366 3454 lt,
1382 3388 1529 3454 postquam
1541 3384 1638 3439 Petrus
1653 3383 1795 3442 revelatio-

153 3482 215 3549 pter
226 3490 267 3544 εε,
285 3480 334 3530 aut
345 3475 660 3546 propterauctoritatem
670 3472 882 3539 doctrinae,sed
896 3489 958 3545 pro·
994 3485 1055 3526 nam
1071 3469 1120 3526 sibi
1132 3470 1234 3526 iactam
1248 3470 1385 3540 narravit,
1401 3471 1445 3527 alii
1457 3470 1549 3528 fideles
1563 3488 1596 3529 es
1611 3473 1711 3530 ludaea
1725 3492 1794 3533 con·

152 3571 216 3636 pter
236 3563 319 3631 aiios,
343 3565 391 3636 qui
413 3579 446 3619 es
461 3564 641 3619 conversione
655 3569 684 3618 et
697 3562 820 3619 libertate
835 3564 958 3635 gentium
995 3561 1064 3616 versi
1074 3556 1434 3631 ptortytcaoerustneom,
1446 3557 1588 3617 dicentes:
1599 3565 1679 3635 Erpo
1689 3568 1794 3637 elpen-

153 3653 354 3723 tuvbabantur,
378 3641 511 3708 ascendit.
535 3652 603 3708 Tum
623 3659 765 3723 praetereo
782 3655 847 3725 quia
860 3652 903 3709 ille
917 3669 959 3709 se·
993 3648 1071 3707 tibus
1087 3650 1303 3722 poentientiam
1316 3645 1396 3704 dedit
1408 3651 1496 3715 Deus,
1514 3654 1542 3705 et
1553 3653 1658 3719 attam,
1677 3658 1704 3709 et
1719 3653 1796 3711 addi-

154 3742 265 3799 cundus
287 3757 421 3799 ascensus
439 3757 492 3797 non
512 3742 603 3813 poluit
621 3757 683 3798 esse
693 3746 761 3816 post
775 3758 871 3799 annos
885 3760 959 3815 qua.
995 3743 1040 3793 tur
1055 3736 1165 3809 ibidem,
1181 3737 1214 3793 lle
1228 3736 1387 3810 discipulis,
1402 3737 1449 3810 qui
1463 3738 1571 3796 suerent
1584 3739 1700 3812 disperdi
1715 3759 1730 3799 8
1747 3745 1794 3801 ll'i·

154 3830 334 3900 tuordeetm,
361 3836 391 3887 ut
412 3831 449 3889 ait
469 3831 589 3902 Paulus,
610 3832 675 3902 quia
689 3833 739 3888 luit
752 3847 823 3888 anno
837 3834 959 3891 secundo
995 3825 1551 3900 bulatione,quaeluerateubStepbano,
1561 3830 1793 3903 praedicabant,

154 3921 261 3979 Claudii
277 3923 462 3992 imperatoris,
475 3920 540 3976 alias
552 3919 763 3993 quadragesimo
775 3929 960 3994 quartoana·
994 3917 1107 3972 demitti
1127 3912 1274 3987 milleni&
1293 3913 1428 3981 ¹²0lest
1451 3919 1512 3973 hist
1530 3916 1601 3975 ⁸⁰1ss
1618 3918 1747 3978 ludaeis·
1765 3925 1794 3980 ln

155 4012 260 4068 tivitate
282 4011 399 4081 Christi,
422 4024 454 4066 ac
476 4007 591 4064 subinde
604 4007 711 4065 decimo
727 4009 769 4066 vel
785 4009 930 4068 undecimo
944 4026 960 4067 a
994 4005 1041 4062 illo
1055 4020 1122 4077 ergo
1135 4011 1257 4076 tempore
1267 4019 1319 4061 non
1332 4003 1529 4065 babuitlocum
1540 4011 1667 4081 quaestio
1677 4009 1710 4067 de
1722 4013 1793 4085 iure,

156 4107 245 4157 morte
258 4099 370 4172 Christi,
380 4107 412 4155 ut
426 4099 481 4155 late
495 4098 593 4170 probat
605 4099 737 4156 Baronius
757 4106 857 4158 t.tom.
870 4104 960 4157 hona·
995 4098 1060 4169 quia
1071 4111 1125 4152 non
1135 4101 1196 4151 evat
1206 4095 1322 4161 lectum,
1332 4093 1406 4168 quod
1415 4097 1562 4154 essetiuris
1574 4099 1792 4160 tundamentum.

154 4189 235 4246 lium.
255 4187 331 4246 Unde
345 4189 427 4244 etiam
438 4187 632 4260 biverisimilc,
645 4188 719 4261 quod
730 4188 800 4246 idem
812 4199 910 4248 auctor
921 4191 960 4248 ai·
996 4185 1022 4241 Si
1033 4185 1284 4256 enimevangelium
1297 4200 1351 4240 non
1367 4175 1579 4256 praedicabatur
1589 4190 1728 4262 gentibus,
1744 4209 1795 4251 nec

156 4281 261 4350 brmat,
276 4281 387 4335 Petrum
402 4293 434 4334 eo
449 4283 572 4349 tempore
587 4292 639 4334 noo
656 4277 740 4335 luisse
753 4279 958 4354 Hierosolymis,
995 4275 1032 4331 eis
1045 4273 1162 4331 dabatur
1175 4274 1346 4347 baptismus,
1363 4275 1438 4332 nullo
1454 4277 1534 4334 modo
1549 4285 1677 4349 poterant
1689 4282 1796 4342 ratione

156 4364 205 4423 sed
226 4369 341 4424 liovnaan
365 4365 479 4439 adiisse,
501 4380 555 4421 non
576 4367 668 4438 potuit
686 4382 752 4440 ergo
773 4374 839 4424 tunc
858 4368 960 4426 Paulus
995 4362 1064 4436 legis
1081 4378 1166 4420 novae
1181 4362 1214 4419 td
1230 4363 1369 4437 antiquam
1384 4366 1545 4422 servandam
1564 4369 1709 4444 compelli,
1730 4387 1795 4431 cum

155 4473 223 4514 eum
243 4459 325 4515 Petro
349 4456 520 4530 evangelium
535 4456 671 4514 conterre.
688 4458 819 4529 Superest
832 4474 914 4532 ergo,
930 4465 961 4515 ut
996 4460 1075 4510 antea
1089 4469 1122 4509 ex
1138 4453 1164 4508 vi
1183 4451 1251 4524 legis
1264 4453 1391 4524 antiquae
1404 4455 1466 4526 cogi
1480 4469 1534 4511 nan
1548 4465 1670 4527 possent.

156 4550 201 4607 illa
215 4549 323 4605 collatio
338 4547 412 4605 lacta
428 4547 462 4604 sit
475 4548 501 4603 in
517 4546 590 4604 dicto
605 4547 720 4603 concilio
734 4549 796 4604 hot.
816 4553 860 4616 l5,
876 4555 960 4621 atque
1036 4549 1062 4601 5.
1079 4542 1163 4600 Obiici
1175 4557 1239 4598 vero
1252 4549 1351 4614 potest,
1364 4544 1429 4614 quia
1441 4543 1579 4616 Philippus
1589 4545 1796 4618 baptizaviteu·
1874 4620 1878 4630 ¹

155 4641 194 4696 ita
210 4645 247 4694 ut
259 4636 330 4694 idem
353 4641 388 4693 sit
409 4652 541 4694 ascensus
556 4636 589 4693 ad
604 4636 763 4708 concilium,
778 4637 853 4693 etad
868 4638 961 4694 coute-
996 4633 1121 4690 nochum
1133 4637 1195 4688 ante
1206 4631 1400 4688 revelationem
1415 4632 1515 4689 iactam
1530 4635 1627 4706 Petro,
1644 4644 1676 4692 ut
1688 4647 1798 4698 constat

155 4728 274 4787 rendum
286 4743 350 4784 cum
366 4730 521 4799 Petropost
535 4726 813 4798 decimumquartum
829 4743 930 4784 annum
945 4744 961 4784 a
997 4737 1034 4792 ex,
1050 4721 1179 4786 bolibust
1202 4722 1256 4777 imo
1277 4720 1408 4778 Baronius
1424 4721 1449 4777 in
1463 4739 1534 4779 anno
1549 4725 1687 4784 tricesimo
1699 4731 1798 4801 quinto

156 4818 244 4876 Paulo
263 4817 447 4891 designatum.
470 4817 601 4872 Existimo
617 4822 724 4888 autem,
742 4823 772 4873 ut
785 4815 850 4888 dixi,
866 4833 962 4873 nume·
997 4811 1098 4867 Christi
1120 4810 1244 4880 Domini,
1266 4816 1361 4880 notat,
1383 4809 1409 4865 in
1424 4809 1469 4866 illo
1483 4826 1554 4868 anno
1570 4811 1709 4871 historiam
1724 4817 1797 4877 illam

56 4963 57 4966 ,
158 4925 236 4966 rasse
261 4907 376 4965 Paulum
399 4905 459 4962 illos
483 4904 697 4978 quatuordecim
724 4921 810 4962 annos
835 4921 851 4962 a
874 4907 961 4978 primo
997 4905 1139 4958 Acroce.
1156 4900 1325 4971 contigisse3
1346 4905 1372 4956 at
1391 4915 1455 4956 vcro
1473 4901 1620 4959 eunuchus
1634 4904 1677 4960 ille
1691 4908 1798 4978 gentilis

158 5013 296 5069 ascensu,
317 5004 344 5053 et
370 4996 429 5053 ideo
450 4995 527 5051 illum
548 4994 686 5052 decimum
707 5003 838 5067 quartum
860 5011 960 5053 aunum
998 4997 1068 5061 erat,
1084 4996 1152 5047 teste
1165 4990 1283 5046 Eusebio
1295 4990 1313 5044 Ι.
1327 4990 1433 5047 2.Hist.
1444 5005 1471 5045 c.
1487 4997 1559 5063 t,et
1573 5001 1727 5064 sequuntur
1738 4993 1799 5069 plu-'

157 5091 242 5148 tuisse
256 5087 395 5145 decimum
410 5087 556 5158 septimum
570 5100 587 5140 a
601 5087 778 5140 conversione
791 5085 867 5140 Pauli
880 5126 887 5154 ,
899 5099 961 5140 nem
999 5097 1060 5152 res,
1076 5079 1103 5136 d.
1122 5078 1239 5134 Thomas
1253 5079 1327 5134 ioan.
1348 5082 1391 5148 tt,
1409 5077 1473 5134 leot.
1490 5083 1518 5150 l,
1535 5088 1564 5137 et
1577 5081 1611 5137 ihi
1627 5083 1799 5144 ldaldonatus

158 5185 214 5237 tres
237 5181 449 5250 praecesserunt
469 5181 530 5232 ante
544 5175 662 5245 primum
678 5187 824 5230 ascensum
844 5175 919 5244 cius;
935 5179 962 5228 et
998 5171 1086 5228 votes.
1098 5171 1175 5228 cirea
1187 5166 1231 5224 illa
1245 5169 1341 5238 verba,
1353 5171 1440 5226 erant
1452 5173 1552 5227 cutem
1567 5169 1692 5246 quidam
1704 5181 1799 5248 peratt-
