4284 6246
369 323 430 390 250
1081 335 1180 387 11000
1195 339 1241 386 vr.

327 481 377 524 ssu
397 466 422 521 in
443 463 546 522 ditione
566 480 627 520 sua.
648 462 757 520 Clarum
772 470 815 520 est
828 463 916 533 enim,
934 461 1085 535 adaequate
1100 468 1129 518 et
1165 468 1216 519 est.
1233 463 1316 518 Maior
1330 433 1410 519 etiam
1425 466 1467 519 est
1482 477 1532 534 per
1545 478 1574 519 se
1587 468 1670 536 nota,
1686 463 1752 536 quia
1765 459 1877 518 interior
1891 469 1968 519 tane·

328 555 449 618 totaliter
465 571 517 610 non
532 569 614 625 posse
628 552 782 610 inferiorem
797 567 929 610 revocare
942 553 1032 625 legent
1047 567 1129 624 supe·
1163 559 1210 609 tur
1226 552 1360 624 superiori
1375 566 1484 625 parere,
1501 561 1529 609 et
1542 553 1575 624 ab
1590 551 1635 610 illo
1649 551 1750 625 pendet
1765 553 1789 608 in
1805 568 1855 609 sua
1870 550 1969 608 volun·

327 646 427 716 rioris3
451 659 516 699 cum
535 643 643 698 interior
663 658 715 698 000
731 642 828 698 habeat
841 647 1004 714 potestatem
1020 641 1129 698 ordina·
1164 649 1238 714 tate,
1261 657 1327 715 ergo
1350 658 1403 698 uon
1420 647 1600 720 potestesse
1615 648 1721 699 mutare
1736 642 1904 698 voluntatem
1920 657 1970 697 su·

326 735 394 792 riam
415 733 440 788 in
462 740 545 789 totam
561 733 730 804 provinciam
744 733 904 803 superioris,
920 747 972 788 nec
986 733 1067 787 etiam
1082 729 1128 788 de·
1164 733 1294 804 potioris,
1314 747 1379 803 ergo
1400 747 1450 788 nec
1466 730 1554 805 legem
1569 732 1637 788 eius.
1654 730 1730 789 Unde
1746 747 1830 803 supro
1847 731 1970 787 ostendi·

327 823 419 896 legata
439 821 525 878 soleat
545 829 599 876 tarn
619 821 709 893 ampla
729 819 860 892 concedi,
876 822 941 894 quia
955 819 1073 876 multum
1087 835 1146 876 re··
1165 837 1242 891 tntis,
1258 837 1312 878 non
1331 837 1412 893 posse
1426 821 1583 892 dispensare
1598 821 1751 879 interiorem
1766 824 1793 878 in
1808 820 1866 896 lege
1886 838 1972 892 supe-

327 921 434 985 pugnat
456 911 582 983 dignitati
597 927 741 983 supremae
757 912 841 981 ipsius
855 911 996 983 principis.
1012 911 1091 979 Quod
1106 914 1128 967 si
1166 911 1262 984 rioris,
1284 911 1335 967 nisi
1356 921 1496 984 quatenus
1519 913 1557 968 illi
1579 912 1662 969 luerit
1674 927 1850 969 concessum.
1869 913 1925 968 bno
1940 912 1970 967 in

329 1002 482 1076 tingomus,
505 1002 671 1075 superiorem
687 1001 720 1058 de
736 1002 807 1058 10010
823 1000 949 1074 delegare
962 1008 1065 1057 tantam
1081 1017 1130 1071 po·
1165 1000 1211 1057 lib.
1229 1003 1273 1058 111.
1291 1001 1471 1072 ostendimus,
1488 1003 1625 1073 civitates,
1643 1001 1684 1057 vel
1700 1004 1836 1074 principes
1857 1017 1910 1057 000
1921 1017 1972 1056 su·

330 1100 475 1165 testatem,
497 1095 549 1150 iant
571 1109 624 1149 non
644 1093 720 1149 tieret
739 1094 880 1149 revocatio
893 1091 927 1148 ab
941 1091 1069 1147 interiore
1082 1105 1130 1162 per
1166 1105 1292 1163 premos,
1308 1090 1355 1147 sed
1371 1090 1431 1148 aliis
1446 1093 1582 1162 supremis
1597 1092 1746 1159 subiectos,
1763 1107 1816 1147 non
1837 1105 1917 1162 posse
1930 1089 1973 1145 le·

330 1199 370 1256 se,
386 1183 433 1240 sed
448 1186 474 1240 in
489 1186 591 1240 virtute
603 1183 747 1254 ipsiusmet
758 1183 889 1254 principis
901 1181 1062 1252 superioris.
1076 1181 1129 1253 lgi-
1167 1197 1215 1254 ges
1226 1182 1355 1253 condere,
1365 1182 1416 1238 nisi
1427 1188 1564 1259 quatenus
1577 1182 1627 1238 illis
1639 1188 1682 1238 est
1692 1181 1832 1254 privilegio
1844 1179 1885 1236 rel
1902 1195 1973 1236 con·

329 1280 377 1330 tur
398 1273 431 1331 de
452 1273 625 1330 interioribus
645 1271 808 1330 habentibus
828 1277 991 1344 potestatem
1012 1269 1130 1342 aliquam
1169 1270 1312 1326 suetudine
1327 1285 1509 1342 concessum,
1525 1283 1592 1342 ergo
1605 1271 1789 1343 multomagis
1801 1270 1854 1326 boc
1870 1285 1972 1325 rerum

329 1362 510 1436 legislativum
524 1365 551 1418 in
567 1361 777 1434 particularibus
789 1361 959 1430 civitatibus,
971 1359 1130 1433 provinciis,
1169 1365 1211 1416 est
1230 1359 1263 1416 de
1284 1357 1388 1432 legibus
1409 1359 1605 1432 derogantibus
1624 1361 1675 1416 iuri
1696 1362 1821 1433 ipsorum
1847 1359 1976 1431 superio·

330 1467 379 1509 seu
402 1452 560 1522 territoriis,
582 1451 679 1508 dicunt
700 1450 802 1523 aliqui,
824 1449 970 1506 aliudesse
985 1450 1009 1506 in
1025 1449 1130 1522 legibus
1168 1463 1250 1519 rum,
1266 1447 1307 1505 vel
1325 1463 1359 1505 er
1372 1455 1449 1520 parte
1463 1449 1657 1523 abrogantibus
1672 1449 1742 1506 illas.
1758 1450 1889 1522 Superest
1904 1463 1975 1520 pro·

330 1541 486 1612 canonicis,
509 1540 583 1598 uliud
604 1543 630 1596 in
650 1540 786 1597 civilibus.
802 1543 869 1599 Nam
885 1541 910 1595 10
924 1539 1062 1596 cononicis
1077 1555 1131 1595 non
1167 1536 1257 1594 banda
1278 1539 1380 1611 minor,
1402 1554 1473 1611 quae
1494 1555 1543 1611 per
1561 1545 1707 1612 sequentes
1722 1537 1855 1597 illationes
1871 1539 1976 1597 melius

330 1637 422 1702 potest
444 1630 559 1686 interior
576 1636 696 1687 statuere
710 1629 736 1684 in
751 1645 803 1687 suo
818 1630 957 1686 territorio
973 1631 1130 1686 contraius
1169 1625 1363 1698 explicabitur.

332 1720 497 1793 superioris,
518 1725 547 1776 et
564 1717 721 1792 derogando
741 1719 795 1790 ittt;
812 1726 844 1775 ut
859 1718 1022 1791 provinciale
1037 1719 1133 1776 conci·
1207 1717 1522 1790 Sequiturergoprimo,
1533 1717 1672 1775 interiores
1684 1718 1884 1790 praelatos,vel
1896 1733 1979 1774 oont-

331 1805 396 1865 lium
419 1818 515 1865 contra
529 1807 666 1881 generale,
681 1809 724 1866 vel
738 1809 884 1881 episcopus
899 1809 1053 1866 contraius
1068 1824 1133 1880 pon·
1170 1809 1316 1863 munitates
1333 1806 1533 1864 ecclesiasticas
1547 1824 1601 1864 non
1618 1824 1697 1880 posse
1711 1808 1832 1865 condere
1850 1807 1978 1877 decreta,

330 1899 461 1971 titicium,
481 1904 530 1954 aut
553 1898 717 1969 conciliare,
733 1897 875 1970 generale,
891 1905 940 1955 sut
954 1897 1131 1970 provinciale,
1170 1904 1218 1953 out
1233 1903 1338 1953 statuta
1351 1903 1447 1953 contre
1461 1899 1504 1953 ius
1520 1901 1702 1969 canonicum,
1719 1897 1760 1955 vel
1776 1904 1874 1955 contra
1891 1911 1979 1952 cano-

331 1995 359 2044 et
373 1989 413 2044 sic
427 1986 461 2043 de
476 1987 543 2044 aliis.
561 1989 692 2059 111111,
709 1988 850 2061 inquiunt,
871 1989 898 2043 in
913 1987 1052 2057 civilibus,
1069 1987 1135 2043 inie-
1170 2003 1218 2044 nes
1238 2002 1353 2042 suorum
1372 1987 1547 2057 superiorum
1566 1989 1730 2060 respective.
1752 1988 1780 2042 10
1796 1988 1849 2043 boc
1874 2001 1981 2042 conve·

332 2077 389 2134 rior
408 2077 518 2148 civitas,
542 2093 568 2131 v.
585 2093 613 2150 g.
636 2082 728 2149 potest
748 2083 869 2132 statuere
889 2079 1044 2133 contraius
1059 2091 1136 2132 com·
1170 2077 1248 2132 niunt
1258 2091 1353 2132 omnes
1364 2075 1438 2133 citati
1449 2075 1628 2149 doctores,et
1638 2077 1755 2134 sumitur
1766 2093 1799 2133 ex
1811 2093 1874 2148 cap.
1887 2073 1982 2150 Quod

332 2180 427 2222 mune.
443 2167 484 2222 lta
498 2166 689 2230 Panormitjn
704 2181 765 2237 cap.
779 2164 831 2221 ult.
848 2165 881 2222 de
895 2173 1021 2222 consuet.
1036 2167 1082 2222 ubi
1095 2164 1136 2221 di·
1171 2181 1260 2239 1111101
1275 2167 1334 2233 bis,
1357 2166 1389 2223 de
1409 2168 1529 2223 maiorit.
1549 2175 1578 2223 et
1591 2167 1715 2224 obedien.
1734 2169 1778 2224 ubi
1795 2167 1978 2239 supponitur,

316 2256 507 2328 ,stinctionem
528 2255 600 2314 illam
620 2263 652 2313 ut
672 2261 775 2312 certam
796 2255 944 2330 supponit,
963 2265 991 2312 et
1003 2256 1136 2313 rationem
1171 2255 1331 2327 episcopum
1345 2255 1371 2311 in
1387 2271 1436 2311 sua
1451 2254 1555 2330 synodo
1569 2257 1633 2312 nibil
1649 2272 1729 2328 posse
1741 2264 1875 2325 statuere,
1890 2253 1976 2328 qnod

333 2344 498 2402 diversitatis
512 2344 632 2417 inquirit.
649 2342 777 2417 Sequitur
797 2345 873 2400 lason
895 2345 919 2400 in
940 2342 958 2400 1.
975 2361 1073 2402 omnes
1082 2361 1137 2420 po·
1173 2347 1327 2414 cononicis
1349 2344 1443 2402 obviet
1461 2348 1615 2403 institutis.
1636 2346 1708 2403 idem
1725 2350 1845 2404 sumitur
1859 2363 1891 2403 ex
1907 2361 1976 2417 cap.

329 2433 407 2509 preli,
427 2435 454 2492 tt.
471 2432 505 2491 de
519 2434 649 2491 iustitret
662 2435 716 2490 iur.
739 2434 858 2490 etFelin.
870 2435 896 2489 in
911 2449 972 2507 cap.
989 2433 1077 2511 Quod
1087 2451 1136 2490 su·
1171 2438 1381 2502 Institsttionis,
1399 2451 1426 2491 o.
1438 2425 1609 2510 Amputa'to,
1626 2452 1652 2493 0.
1665 2435 1902 2498 Ecclesiasticce
1920 2439 1978 2503 25,

330 2541 386 2600 per
401 2527 460 2590 bis,
475 2525 507 2581 de
522 2525 639 2580 maiorit.
656 2531 684 2581 et
698 2523 777 2581 obed.
795 2541 822 2581 0.
836 2529 864 2596 2,
880 2524 943 2580 licet
957 2525 981 2579 in
997 2523 1137 2580 reddenda
1172 2541 1200 2597 q.
1217 2529 1251 2597 2,
1274 2530 1302 2580 et
1319 2517 1426 2605 optime
1438 2537 1471 2581 ea
1490 2523 1564 2580 dicta
1583 2524 1715 2581 Clement.
1736 2529 1778 2582 Nc
1792 2527 1921 2581 Romani
1938 2521 1980 2580 de

334 2614 500 2671 ditierentiae
517 2613 622 2670 ratione
634 2630 688 2669 000
701 2614 842 2671 conveniat
852 2629 917 2671 curn
928 2614 1133 2687 Panormitano,
1172 2613 1256 2671 elect.
1272 2614 1351 2671 Ratio
1366 2614 1473 2687 propria
1488 2621 1545 2686 est,
1562 2615 1625 2687 quia
1640 2615 1734 2672 nullibi
1749 2615 1848 2687 legitur
1867 2613 1982 2668 interio-

333 2703 547 2761 indistinctione
569 2709 662 2760 autem
673 2705 811 2759 convenit.
825 2705 894 2759 item
905 2703 930 2758 iu
943 2718 1004 2773 cap.
1021 2705 1137 2776 Cogno·
1173 2705 1249 2761 ribus
1270 2719 1403 2761 concessa
1424 2703 1484 2761 tulis
1504 2709 1642 2776 potestas,
1666 2719 1716 2761 neo
1736 2713 1796 2761 erat
1817 2701 1979 2775 expediens,

335 2797 455 2858 scentes,
470 2810 497 2847 n.
511 2798 538 2850 1.
557 2793 591 2849 de
607 2791 717 2848 constit.
729 2792 798 2849 Item
808 2792 928 2848 biberic.
944 2798 1024 2849 tract.
1038 2793 1072 2849 de
1082 2800 1153 2848 sta.
1175 2802 1234 2851 tum
1249 2802 1360 2866 propter
1372 2794 1499 2850 unionem
1511 2800 1539 2850 et
1553 2793 1670 2851 debitam
1686 2794 1934 2851 subordinationem
1948 2791 1981 2848 in

336 2888 389 2940 tut.
404 2887 428 2941 1.
441 2899 469 2954 p.
479 2899 506 2955 q.
520 2886 545 2954 t,
556 2882 603 2939 ubi
617 2882 670 2938 late
682 2883 823 2955 impugnat
836 2899 896 2951 eos,
908 2885 955 2955 qui
970 2882 1077 2952 dieunt,
1091 2883 1138 2938 lsi·
1174 2885 1300 2941 Ecclesia
1314 2883 1487 2957 servandam,
1505 2889 1563 2940 tunt
1574 2884 1656 2941 etiam
1668 2886 1733 2956 quia
1751 2897 1911 2940 canonesex
1923 2881 1983 2937 line

337 2988 386 3029 cos
401 2988 453 3028 non
469 2987 551 3044 posse
566 2979 686 3028 statuere
702 2980 799 3029 contra
813 2973 855 3028 ius
866 2972 955 3030 civile.
969 2975 1035 3029 item
1046 2972 1134 3029 Rocb.
1175 2977 1290 3032 maxime
1310 2977 1421 3046 proprio
1442 2973 1611 3031 1001001011
1633 2973 1774 3046 spirituale
1795 2974 1897 3030 bonum
1917 2971 1982 3026 101-

336 3063 414 3119 Gort.
432 3069 512 3118 trsct.
530 3061 564 3118 de
578 3068 706 3118 consuet.
724 3068 793 3118 sect.
809 3065 836 3136 3,
849 3078 876 3117 0.
892 3065 919 3134 1,
933 3060 978 3117 ubi
994 3060 1079 3133 addit,
1092 3060 1139 3118 lai·
1175 3080 1299 3138 marum,
1320 3073 1348 3128 et
1368 3063 1427 3120 ideo
1447 3079 1516 3136 quae
1531 3079 1579 3136 per
1594 3064 1653 3120 illos
1668 3081 1681 3119 a
1697 3064 1846 3121 maioribus
1864 3061 1982 3118 condita

337 3168 387 3208 cos
408 3168 462 3208 000
483 3150 572 3209 solum
593 3157 691 3208 contra
705 3150 798 3208 civiles
812 3150 896 3224 leges,
913 3147 960 3208 se'd
975 3154 1057 3208 etiam
1071 3167 1139 3209 con·
1175 3160 1251 3227 sunt,
1261 3169 1314 3209 non
1326 3155 1363 3210 ita
1374 3153 1452 3210 tacite
1465 3151 1981 3210 suntaminoribusmutanda.0mitto

338 3248 381 3298 tta
399 3257 517 3298 oenones
540 3257 620 3312 posse
641 3247 778 3312 statuere,
798 3239 909 3314 quando
923 3256 1019 3298 eorum
1035 3249 1139 3298 statuta
1175 3242 1304 3315 specialia
1319 3241 1459 3315 privilegia
1473 3241 1646 3316 religionum,
1662 3241 1704 3298 vel
1716 3242 1871 3315 aliquarum
1883 3239 2003 3296 eccle--

336 3347 391 3388 non
408 3337 473 3387 sunt
492 3335 598 3402 peccati
614 3333 753 3402 nutritiva,
768 3347 801 3388 ex
816 3330 901 3388 Felin.
916 3339 946 3388 et
961 3330 1020 3387 aliis
1035 3332 1061 3387 10
1074 3347 1136 3404 cap.
1175 3333 1294 3402 siarum,
1316 3330 1363 3388 illa
1379 3331 1449 3387 enirn
1471 3331 1497 3386 in
1518 3331 1637 3403 generali
1659 3347 1765 3403 semper
1786 3329 1982 3402 intelliguntur

336 3419 476 3480 Ecclesia
492 3424 616 3478 sanctae
627 3420 758 3488 11101100,
774 3420 808 3478 de
823 3421 934 3478 constit.
948 3407 1136 3479 et‘Panormit.
1174 3429 1304 3494 excepta,
1324 3424 1352 3477 in
1372 3421 1534 3493 particulari
1554 3438 1619 3479 vero
1637 3422 1701 3479 sciri
1722 3421 1754 3476 ab
1775 3421 1901 3477 omnibus
1921 3435 1981 3475 non

337 3526 386 3582 per
403 3511 478 3567 illum
494 3517 610 3584 testum,
626 3517 655 3568 et
669 3512 696 3567 in
711 3527 774 3584 cap.
791 3509 879 3588 std
892 3511 1020 3575 clericis,
1034 3512 1138 3570 doloro
1174 3517 1304 3583 possunt,
1326 3526 1390 3569 oum
1412 3510 1445 3567 ad
1466 3512 1585 3585 lactum,
1607 3528 1657 3569 seu
1676 3513 1719 3572 ius
1741 3511 1875 3582 privatum
1891 3509 1980 3582 perti-

337 3600 512 3672 competenti,
531 3602 558 3655 in
571 3602 634 3673 tine,
650 3615 698 3672 per
712 3616 774 3672 cup.
791 3603 955 3669 Venientes,
973 3600 1007 3659 de
1022 3603 1137 3659 iureiur.
1175 3606 1266 3658 neant.
1286 3601 1322 3658 Et
1340 3609 1481 3672 praeterea
1495 3603 1521 3656 in
1536 3603 1575 3658 eis
1590 3605 1746 3660 continetur
1762 3605 1914 3659 auctoritas
1928 3618 1981 3657 su-

339 3689 422 3745 1Ιί101
432 3691 583 3745 verobzcr.
602 3693 625 3746 t.
639 3696 706 3746 tom.
721 3689 767 3751 lib·
778 3695 877 3761 5,cap.
887 3695 935 3762 25,
949 3706 977 3764 q.
995 3695 1041 3762 tt,
1054 3707 1138 3765 quae·
1176 3689 1290 3762 perieris
1307 3690 1485 3748 concedentis
1500 3689 1553 3747 illa.

338 3794 420 3848 rens,
442 3795 475 3834 an
497 3785 600 3845 statuta
620 3785 717 3838 contre
737 3780 948 3854 ibsoommune
967 3780 1076 3837 condita
1093 3797 1139 3837 va·
1216 3786 1243 3839 5.
1260 3779 1390 3852 Sequitur
1410 3779 1548 3849 secundo,
1572 3779 1659 3838 multo
1681 3783 1770 3838 minus
1792 3797 1872 3854 posse
1891 3779 1981 3838 laicos

338 3868 427 3938 leant,
443 3868 500 3924 sine
516 3868 687 3924 distinctione
700 3868 771 3924 inter
786 3868 828 3924 ius
842 3869 922 3925 civile
936 3877 963 3926 01
976 3871 1140 3927 canonicum
1178 3876 1297 3926 statuere
1312 3871 1420 3942 proprie
1431 3877 1529 3926 contra
1540 3885 1669 3942 canonos,
1681 3870 1838 3944 derogando
1848 3870 1913 3942 illis,
1924 3887 1980 3928 seu

339 3958 447 4015 videtur
462 3958 611 4030 attirmare,
626 3957 708 4031 idque
722 3959 802 4014 variis
816 3958 947 4031 exemplis
959 3960 1140 4034 prosequitur
1176 3975 1272 4016 eorum
1288 3958 1481 4032 obligationem
1492 3959 1582 4033 aliqua
1594 3977 1626 4017 es
1638 3967 1713 4033 parte
1724 3960 1882 4018 minuendo.
1895 3961 1981 4018 ilatio

296 4076 299 4090 ·
340 4063 428 4120 usque
445 4046 479 4103 ad
496 4049 575 4103 linem
591 4048 702 4118 capitis,
719 4053 746 4104 et
760 4062 808 4120 per
821 4055 910 4106 totum
924 4055 1009 4120 caput
1022 4065 1139 4122 sequens
1177 4060 1239 4122 est,
1255 4051 1320 4122 quia
1335 4047 1421 4104 multo
1437 4050 1522 4122 magis
1537 4049 1677 4106 interiores
1692 4057 1758 4106 sunt
1771 4049 1831 4107 laici
1846 4056 1980 4122 respectu

339 4138 416 4194 varis
431 4137 552 4208 exempla
567 4136 702 4210 proponit.
1176 4138 1491 4210 omniumlegislatorum
1502 4154 1649 4214 canonum,
1659 4140 1980 4214 quaminlerioresprae·

378 4229 436 4299 Ego
453 4242 519 4284 vero
533 4225 641 4282 nullum
655 4225 732 4283 video
746 4225 953 4285 tundamentum
968 4228 1003 4286 ad
1017 4244 1140 4286 asseren·
1176 4230 1223 4287 lati
1238 4229 1417 4286 ecclesiastici
1431 4235 1561 4300 respectu
1573 4231 1758 4303 superiorum,
1773 4230 1915 4304 multoque
1927 4230 1979 4285 101-

340 4318 426 4387 dum,
446 4317 585 4373 interiores
605 4330 685 4388 posse
699 4329 748 4386 per
762 4331 826 4372 suas
841 4317 912 4390 leges
927 4317 1059 4392 derogare
1075 4319 1141 4391 legi·
1175 4335 1228 4377 nus
1243 4320 1344 4393 legitur
1358 4319 1432 4375 laicis
1447 4316 1510 4375 data
1525 4319 1586 4375 talis
1600 4325 1736 4393 potestas,
1749 4334 1815 4392 ergo
1829 4318 1915 4376 multo
1927 4320 1980 4375 mi-

340 4408 392 4465 bus
408 4408 594 4478 superiorum,
609 4421 658 4461 seu
673 4405 838 4477 municipale
848 4422 928 4477 posse
940 4407 1073 4480 derogare
1084 4407 1138 4464 iuri
1176 4426 1228 4467 nus
1244 4415 1362 4483 possunt
1375 4408 1437 4465 10101
1451 4415 1548 4466 000110
1561 4408 1700 4481 quoslibet
1714 4424 1850 4478 conones,
1864 4407 1907 4464 vel
1921 4413 1980 4464 sta·

341 4499 492 4565 communi,
508 4495 553 4552 ubi
566 4495 607 4551 ius
620 4509 766 4551 commune
779 4483 949 4568 obligaverit,
961 4496 1086 4569 idemque
1098 4503 1141 4554 est
1176 4504 1236 4557 tuta
1256 4499 1473 4570 ecelesiastica,
1482 4497 1564 4555 etiam
1585 4497 1758 4555 infirmorum
1776 4498 1976 4569 praelatorum,

336 4585 374 4641 de
386 4583 559 4656 abrogatione
572 4599 636 4640 cum
649 4583 827 4654 proportione
839 4583 985 4657 loquendo.
998 4587 1075 4643 Ratio
1087 4591 1140 4658 cst,
1176 4590 1262 4664 legem
1282 4588 1412 4660 condere,
1429 4588 1469 4644 vel
1483 4589 1523 4643 eis
1538 4589 1636 4660 quovis
1652 4587 1732 4644 modo
1747 4587 1890 4660 derogare.
1906 4588 1978 4643 Tan·

340 4675 403 4747 quia
417 4674 528 4729 interior
542 4689 595 4729 non
615 4672 697 4729 babet
711 4680 874 4743 potestatem
889 4690 975 4746 supra
990 4673 1077 4746 legem
1092 4691 1139 4731 su·
1176 4687 1290 4751 tumque
1311 4677 1402 4749 abest,
1425 4683 1456 4733 ut
1475 4679 1631 4748 oppositum
1651 4676 1797 4749 colligatur
1814 4693 1847 4735 er
1862 4676 1931 4735 dict.
1948 4693 1976 4733 c.

341 4765 470 4836 perioris,
480 4764 531 4818 nisi
543 4769 680 4835 quatenus
690 4763 736 4818 illa
746 4777 879 4818 concessa
890 4773 933 4820 est
943 4764 977 4819 nb
987 4762 1082 4820 eodem
1095 4781 1141 4821 su·
1176 4765 1314 4825 Ecclesia
1326 4771 1448 4822 sanctae
1463 4766 1596 4832 Mariae,
1616 4773 1647 4822 ut
1661 4769 1751 4838 potius
1763 4766 1805 4823 ille
1819 4773 1909 4823 textus
1923 4766 1978 4823 boc

340 4854 455 4926 periore,
472 4851 514 4908 vel
530 4851 580 4908 1110
596 4866 752 4923 supremam
767 4858 929 4923 potestatem
941 4868 1025 4924 supra
1037 4860 1141 4910 utram·
1176 4859 1339 4927 convincat,
1361 4857 1389 4911 in
1411 4871 1465 4928 quo
1480 4854 1600 4926 dieitur,
1616 4856 1692 4912 laicis
1707 4855 1811 4913 nullam
1826 4871 1887 4912 csse
1901 4857 1977 4912 attri-

340 4957 395 5015 que
417 4943 550 5014 habente,
571 4940 619 4998 sed
637 4940 731 4998 nullibi
749 4941 847 5014 legitur
860 4940 924 4998 data
939 4949 1059 5014 potestas
1074 4944 1139 5001 inte·
1177 4947 1272 5003 butam
1293 4951 1456 5016 potestatem
1476 4960 1560 5017 super
1579 4945 1718 5017 ecclesiis,
1740 4952 1768 5002 et
1789 4952 1926 5003 statutum
1941 4946 1976 5001 ab

340 5032 461 5090 rioribus
482 5031 515 5087 sd
536 5030 723 5102 statuendum,
739 5030 783 5087 ael
800 5031 944 5088 terendum
959 5031 1030 5106 leges
1044 5042 1141 5090 contra
1177 5035 1216 5091 eis
1237 5035 1356 5106 lactum,
1378 5035 1459 5090 etiam
1476 5036 1504 5088 in
1520 5033 1639 5090 latorem
1657 5022 1858 5106 ecelesiarum,
1874 5033 1977 5091 nullius

340 5123 415 5197 leges
435 5121 608 5194 superiorum
629 5120 786 5194 derogando
801 5119 869 5194 illis,
885 5137 953 5194 ergo
968 5123 1060 5179 nultus
1074 5124 1140 5180 inle-
1177 5123 1973 5197 0010101001,0111011110010010100111000101101010100.

340 5215 396 5274 rior
415 5213 496 5271 babet
517 5211 587 5270 banc
608 5215 783 5286 potestatem.
806 5213 1007 5288 Consequentia
1028 5213 1139 5271 evidens
1177 5223 1270 5273 nutem
1287 5217 1457 5282 Venientes,
1476 5213 1509 5272 de
1523 5215 1641 5273 iureiur.
1664 5230 1717 5272 non
1732 5214 1855 5288 loquitur
1867 5214 1903 5273 de
1919 5223 1974 5272 sta·
