4294 6238
404 307 467 372 298
1097 321 1277 402 nmsnmr.

364 447 517 522 frequentia
531 446 684 505 necessaria
698 447 749 516 sit,
764 446 807 502 vel
822 445 942 504 sufficiat
955 446 990 504 ad
1004 444 1157 504 huiusmodi
1197 444 1441 504 debetcontinuari
1453 444 1638 515 consuetudo,
1652 442 1793 501 arbitrium
1804 451 1858 518 est,
1870 444 1914 501 ita
1926 442 2012 505 etiam

300 561 311 584 ·
365 536 592 595 consuetudinem
614 534 805 593 inducendam.
829 535 943 604 Quidam
964 536 1036 593 enim
1057 533 1162 607 antiqui
1197 543 1310 593 actuum
1325 535 1573 620 frequentiaiuxta
1587 535 1746 609 exigentiam
1760 535 2013 604 materiarum,rel

364 627 475 684 iuristae
490 626 560 684 duos
576 632 655 682 actus
670 625 797 682 sulficere
809 624 948 696 dixerunt,
960 627 1102 682 albariat.
1116 641 1162 680 su·
1197 629 1377 683 occasionum
1392 669 1398 696 ,
1414 641 1464 698 pro
1478 623 1579 698 quibus
1594 623 1819 682 consuetudinem
1834 623 1923 697 quasi
1943 639 2014 680 con·

363 733 413 789 pra
427 716 523 787 relert,
536 723 564 772 et
578 715 703 788 sequitur
716 715 819 771 Rosell.
836 715 920 772 verbo
936 713 1125 783 consuetodo,
1136 721 1164 772 et
1197 717 1297 774 tinuarl
1314 731 1426 773 necesse
1440 721 1493 772 est.
1503 716 1539 771 Et
1551 717 1678 788 quoniam
1691 714 1753 772 talis
1767 713 1953 771 consuetudo
1965 731 2016 784 po-

364 807 514 883 Sylsester,
530 805 581 877 ibi,
596 822 625 877 q.
641 809 668 873 i,
682 803 833 861 adhibendo
849 804 953 878 aliquas
966 804 1160 862 distinctiones.
1198 808 1254 881 puli
1275 814 1303 864 et
1324 807 1455 880 principis
1476 820 1645 863 consensum
1667 805 1796 878 requirit,
1818 804 1864 861 illa
1892 811 2015 860 actuum

363 896 524 969 allegatque
539 895 557 951 l.
568 899 596 968 3,
609 897 638 952 C.
648 894 681 951 de
696 895 780 967 episc.
791 895 855 952 aud.
869 897 1033 967 atneptis
1044 911 1105 960 nos,
1116 900 1162 966 25,
1199 896 1388 969 multiplicatio
1407 896 1564 952 censebitur
1576 894 1727 966 sufficiens,
1740 910 1788 967 per
1801 910 1889 967 quam
1900 901 1932 952 et
1947 911 2019 950 con·

364 1002 392 1059 q.
410 990 438 1057 2,
455 985 500 1042 ubi
521 985 670 1058 geminatio
689 984 811 1041 eiusdem
830 986 952 1041 criminis
967 989 1085 1042 vocatur
1099 998 1164 1040 con·
1199 1003 1300 1044 sensus
1316 985 1421 1059 populi,
1434 993 1463 1043 et
1478 986 1560 1044 tacita
1573 983 1700 1042 voluntas
1715 986 1845 1056 principis
1860 985 1960 1055 possit
1973 1001 2019 1040 aa·

364 1075 598 1146 suetudo.Sed,ut
612 1080 687 1131 recte
701 1074 769 1131 dixit
781 1073 992 1146 Bartolus,illud
1007 1072 1165 1146 intelligitur
1200 1079 1234 1134 tis
1249 1077 1432 1134 innotescere.
1445 1076 1485 1132 lta
1500 1074 1556 1131 lere
1570 1075 1707 1132 Hostiens.
1721 1075 1746 1130 in
1762 1076 1878 1131 sumet
1893 1073 2017 1131 Arcbid.

364 1165 398 1222 de
411 1165 529 1238 quadam
547 1164 748 1222 assuefactione
764 1165 870 1237 operis,
886 1181 941 1221 non
957 1179 1027 1236 quae
1045 1163 1166 1220 sulliciat
1200 1182 1226 1222 c.
1244 1171 1268 1234 t,
1286 1164 1320 1222 de
1334 1164 1556 1222 constitution.in
1570 1165 1754 1232 6,Pauormit.
1765 1163 1878 1221 dictoc.
1897 1163 2018 1235 ultimo,

364 1253 398 1311 ad
419 1256 461 1311 ius
481 1254 729 1325 introducendum,
751 1253 799 1311 sed
818 1255 851 1311 ad
872 1255 1038 1327 punitionem
1058 1255 1166 1326 gravio·
1201 1271 1228 1311 n.
1245 1259 1289 1329 il,
1305 1262 1333 1313 et
1345 1255 1447 1313 Bortol.
1463 1255 1536 1313 dicta
1550 1254 1568 1310 l.
1582 1259 1610 1326 t,
1626 1271 1654 1311 n.
1671 1259 1720 1327 12,
1736 1269 1806 1327 quos
1821 1253 1865 1310 alii
1885 1269 2019 1326 sequun·
2124 1243 2125 1250 '

361 1361 432 1416 rem,
447 1344 521 1401 etad
536 1360 589 1402 non
605 1345 682 1402 iacile
693 1343 897 1402 concedendam
917 1345 1034 1417 veniam,
1049 1349 1077 1400 et
1090 1342 1163 1399 simi·
1201 1348 1306 1403 tumdn
1324 1361 1388 1402 vero
1404 1346 1473 1403 idem
1488 1344 1634 1402 dicendum
1649 1345 1685 1402 sit
1698 1345 1723 1400 in
1739 1341 1808 1420 stylo
1823 1359 1874 1401 seu
1890 1359 2018 1400 consue·

360 1435 400 1492 les
418 1435 549 1509 allectus,
571 1435 635 1492 lacti
655 1436 763 1506 potius,
788 1450 871 1508 quam
886 1435 963 1492 iuris.
979 1436 1016 1492 Et
1030 1433 1088 1492 ideo
1103 1436 1166 1491 Bar·
1202 1435 1295 1492 tudina
1316 1441 1428 1493 actuum
1448 1434 1634 1507 iudicialium,
1648 1432 1738 1490 dicam
1758 1433 1784 1488 in
1802 1449 1866 1505 cap.
1880 1434 2017 1506 sequenti

360 1525 410 1582 tol.
426 1531 454 1581 et
473 1525 516 1581 alii
535 1524 605 1581 banc
622 1525 785 1581 sententiam
803 1524 990 1582 communiter
1005 1522 1164 1596 reprobant,
1201 1524 1339 1582 adfinem.

360 1615 424 1686 quia
439 1614 513 1672 nulla
526 1616 595 1671 ratio
611 1615 727 1671 inveniri
740 1619 832 1686 potest
846 1613 879 1670 ad
895 1620 1003 1671 certum
1018 1629 1166 1670 numerum
1241 1618 1268 1672 t.
1281 1615 1316 1670 Et
1326 1613 1388 1669 binc
1401 1618 1519 1684 constat,
1530 1616 1716 1672 necessarium
1728 1631 1788 1671 esse
1803 1615 2018 1672 observantiam

361 1702 558 1774 deliniendum,
580 1711 609 1760 et
629 1705 690 1759 iura
704 1700 781 1759 illum
796 1719 849 1759 non
865 1703 1078 1776 praescribunte
1095 1701 1166 1759 unde
1202 1702 1406 1760 consuetudinis
1421 1718 1481 1760 esse
1496 1702 1646 1776 publicam,
1663 1710 1692 1761 et
1706 1713 1915 1778 consequenter
1934 1713 2019 1762 actus
2124 1709 2125 1716 ’

361 1793 459 1851 dicunt
472 1792 583 1850 arbitrio
599 1793 729 1865 prudenti
741 1808 801 1849 esse
814 1793 1165 1868 relinquendquuorum
1203 1792 1411 1850 consuetudinis
1426 1792 1524 1850 debere
1539 1794 1647 1866 publice
1661 1796 1729 1866 lieri,
1743 1805 1802 1853 tum
1815 1802 1847 1872 ut
1862 1811 1969 1852 omnes
1984 1793 2018 1851 de
2124 1853 2125 1856 ,

362 1885 494 1941 sententia
508 1891 585 1941 certa
599 1882 663 1939 mibi
675 1897 734 1939 esse
746 1883 863 1956 videtur,
875 1883 1014 1957 loquendo
1030 1885 1055 1940 in
1073 1889 1167 1940 nostra
1201 1885 1313 1955 populo,
1327 1884 1367 1940 vel
1382 1885 1468 1942 maior
1478 1900 1542 1955 pars
1553 1885 1579 1940 in
1593 1885 1758 1957 praestando
1778 1902 1925 1944 consensu
1942 1886 2020 1958 circa

362 1975 475 2030 materia
498 1972 532 2030 de
555 1975 668 2045 propria
692 1971 893 2030 consuetudine
915 1972 1011 2045 legali,
1032 1971 1166 2046 quicquid
1203 1973 1285 2029 talem
1299 1973 1526 2031 consuetudinem
1538 1974 1642 2047 possint
1655 1976 1887 2050 convenire3tum
1904 1981 1937 2032 ut
1953 1974 2015 2031 talis

364 2063 399 2119 sit
411 2063 445 2120 de
460 2078 575 2120 numero
591 2069 704 2118 actuum
720 2061 874 2118 sufficiente
889 2061 923 2120 ad
936 2063 1073 2135 propriam
1088 2077 1166 2133 prae·
1204 2061 1396 2132 consuetudo,
1411 2069 1546 2136 quantum
1566 2070 1609 2120 est
1628 2078 1661 2120 ex
1682 2079 1727 2136 se,
1748 2067 1836 2137 possit
1861 2081 1929 2122 esse
1952 2069 2018 2119 nota

363 2153 553 2224 scriptionem,
565 2150 606 2208 sel
622 2151 655 2208 ad
666 2147 733 2208 alios
747 2150 864 2208 ellectus
875 2150 951 2219 lacti,
964 2157 995 2208 ut
1010 2154 1049 2208 sic
1062 2151 1164 2208 dicam.
1201 2152 1338 2224 principi,
1365 2153 1446 2209 cuius
1465 2167 1615 2209 consensus
1629 2155 1711 2210 eiiam
1731 2153 1920 2211 desideratur.
1943 2155 2017 2210 Drio-

400 2245 560 2299 lieclaratur
574 2248 665 2298 autem
676 2243 704 2298 in
719 2240 792 2298 hune
804 2240 1000 2308 modquuia
1013 2241 1081 2298 baec
1099 2256 1167 2296 con·
1203 2240 1254 2297 bus
1269 2240 1459 2312 autemumodis
1474 2247 1564 2312 potest
1575 2241 1674 2314 aliquis
1690 2250 1771 2298 actus
1782 2258 1843 2298 esse
1869 2243 2015 2314 publicus,

363 2333 479 2388 suetudo
498 2331 643 2404 aliquando
658 2331 739 2388 debet
752 2347 812 2388 esse
827 2331 1007 2402 praescripta,
1025 2337 1056 2387 ut
1069 2333 1112 2387 ius
1126 2331 1165 2386 in·
1204 2329 1308 2386 scilicet
1323 2329 1395 2386 lacto
1407 2337 1436 2386 et
1448 2331 1521 2399 iure,
1532 2333 1606 2387 sicut
1618 2330 1766 2403 dupliciter
1777 2332 1829 2388 dici
1848 2331 1926 2388 solet
1936 2337 2017 2386 acinis

306 2489 310 2494 Ι
362 2423 457 2492 ducat,
472 2419 514 2476 vel
529 2419 646 2493 aulernt,
659 2420 804 2493 aliquando
818 2437 883 2477 vero
899 2421 925 2478 id
944 2436 997 2476 non
1012 2426 1055 2477 est
1070 2435 1166 2476 neces·
1203 2421 1347 2490 notorius,
1373 2418 1478 2476 scilicet
1497 2421 1660 2478 notoriatate
1681 2421 1743 2478 lacti
1758 2428 1805 2479 aut
1819 2423 1902 2478 iuris.
1928 2420 2017 2478 Priori

363 2511 476 2569 sarium.
490 2511 604 2578 Quando
617 2525 683 2582 ergo
698 2509 908 2581 praescribenda
921 2516 964 2567 est
977 2509 1164 2581 consuetudo,
1204 2510 1284 2566 modo
1302 2515 1344 2566 est
1357 2515 1436 2566 actus
1451 2513 1586 2581 notorius,
1601 2511 1649 2584 qui
1664 2511 1729 2567 licet
1743 2513 1778 2568 sit
1792 2519 1872 2569 actus
1890 2511 2017 2584 privatae

363 2605 483 2678 primpm
496 2598 712 2657 considerandus
722 2607 765 2656 est
779 2616 912 2656 numerus
922 2616 1057 2657 annorum
1072 2615 1169 2656 neces·
1204 2614 1353 2670 personae,
1384 2605 1412 2656 et
1438 2601 1597 2674 potestatis,
1620 2599 1792 2658 nihilominus
1809 2601 1832 2657 in
1854 2605 2015 2672 conspectu

364 2693 453 2748 sarias
465 2692 540 2746 iusta
554 2689 669 2745 dicenda
680 2690 705 2745 in
715 2689 1170 2762 capitibussequentibus.Etdein·
1204 2689 1321 2745 aliorum
1345 2687 1455 2760 publice
1469 2690 1509 2760 lit,
1530 2696 1558 2746 ct
1571 2705 1623 2746 non
1638 2690 1754 2762 furtive,
1774 2707 1824 2748 seu
1842 2691 1869 2747 in
1884 2690 2014 2758 occulto,

364 2777 1169 2852 despectandumest,anconsuetudorequiratinsingulis
1205 2779 1349 2850 posteriori
1367 2783 1458 2834 autent
1481 2778 1561 2834 modo
1582 2777 1682 2836 dicitur
1704 2778 2016 2852 actuspublicus,qui

365 2873 442 2928 nanis
460 2886 545 2926 unum
562 2875 667 2925 tantum
683 2874 789 2941 actum,
806 2869 846 2924 sel
862 2868 964 2940 plures3
975 2883 1037 2925 nam
1049 2869 1070 2924 si
1083 2884 1169 2925 unum
1205 2867 1316 2939 publica
1337 2857 1500 2924 auctoritaie
1524 2873 1552 2924 et
1574 2869 1689 2926 iuridica
1708 2871 1751 2942 fit,
1773 2865 1861 2927 ut'est
1878 2869 2016 2926 sententia

365 2967 471 3017 tantum
485 2957 616 3031 postulat,
629 2963 659 3013 ut
671 2956 832 3014 observandi
845 2956 895 3014 tale
910 2957 1164 3029 testum,ieiunandl
1205 2956 1318 3028 iudicis,
1344 2964 1373 3014 et
1397 2957 1506 3014 similes.
1526 2957 1640 3025 Quando
1664 2974 1730 3032 ergo
1751 2959 1930 3016 consuetudo
1957 2961 2015 3029 ipse

366 3048 415 3107 tali
429 3048 484 3120 die,
504 3054 569 3102 trino
582 3051 623 3103 tot
636 3051 715 3103 actus
725 3047 975 3120 eruntnecessarii,
987 3054 1055 3120 quot
1069 3047 1170 3105 luerint
1205 3053 1247 3102 est
1261 3046 1293 3106 dc
1308 3046 1416 3103 actibus
1437 3047 1567 3120 privatis,
1591 3054 1656 3105 tirnc
1672 3057 1780 3107 certum
1794 3056 1852 3121 est,
1868 3050 1973 3106 debere
1987 3047 2015 3102 il·

365 3139 428 3195 anni
447 3137 593 3194 necessarii
608 3135 641 3192 ad
660 3137 911 3208 praescriptionem.
928 3137 956 3194 Si
976 3153 1038 3194 sero
1054 3137 1169 3211 requirit
1206 3135 1246 3192 los
1265 3142 1346 3192 actus
1362 3137 1419 3192 lieri
1436 3135 1561 3209 publice,
1584 3138 1680 3196 saltem
1693 3141 1781 3212 primo
1797 3139 1898 3213 modo,
1920 3145 1949 3195 et
1967 3153 2014 3194 no·

366 3228 460 3298 plures
477 3232 556 3283 actus
569 3227 596 3281 in
616 3235 693 3282 certo
708 3241 839 3297 numero,
856 3242 922 3283 curn
940 3226 1035 3284 eadem
1056 3241 1170 3298 propor-
1206 3225 1333 3282 torietate
1352 3224 1435 3297 lacti,
1452 3234 1484 3283 ut
1499 3208 1603 3299 possint
1617 3227 1847 3286 consuetudinem
1865 3229 2011 3298 inducere,

366 3319 439 3374 bane
465 3323 546 3373 erunt
566 3315 593 3371 in
614 3316 691 3371 annis
712 3314 745 3371 ad
767 3316 1011 3390 praescriptionem
1032 3315 1170 3389 requisitis
1207 3319 1321 3386 propter
1349 3314 1467 3370 rationes
1487 3314 1584 3372 lactas.
1607 3317 1675 3384 Quia
1695 3319 1717 3374 si
1743 3325 1824 3375 actus
1849 3318 1924 3375 clam
1949 3318 2013 3373 liant

367 3404 678 3477 multiplicandi.Potest
696 3413 788 3462 autem
803 3421 936 3462 numerus
950 3407 1100 3463 actuumin
1116 3406 1170 3461 sin·
1206 3404 1282 3460 etin
1315 3402 1497 3475 abscondito,
1522 3404 1664 3477 perillus,
1683 3413 1712 3464 et
1731 3423 1780 3479 per
1799 3406 1882 3464 talem
1898 3405 2011 3464 modum

367 3495 437 3567 gulis
457 3496 534 3550 annis
550 3509 602 3549 non
616 3508 676 3549 csse
692 3500 787 3550 certus
801 3494 936 3564 absolute,
948 3494 996 3552 sed
1011 3495 1062 3551 sub
1077 3493 1172 3552 condi·
1208 3490 1337 3562 operandi
1358 3491 1508 3564 indicatur,
1531 3510 1583 3550 non
1599 3495 1655 3552 sieri
1668 3511 1701 3553 aa
1715 3498 1856 3554 communi
1872 3510 2010 3554 consensu

369 3587 459 3654 tione,
475 3584 516 3640 vel
531 3583 734 3654 opportunitate
749 3582 857 3655 aitqua,
874 3590 906 3640 ut
922 3599 983 3641 esee
998 3590 1088 3655 potest
1106 3598 1174 3642 con·
1208 3580 1322 3654 populi,
1346 3596 1435 3653 neque
1457 3585 1642 3642 consentiente
1663 3585 1799 3658 principe,
1820 3585 1940 3660 ideoque
1961 3584 2010 3640 nisi

261 3722 265 3730 .
369 3674 489 3732 suetudo
503 3673 612 3745 publice
632 3673 744 3743 orandi,
760 3675 802 3729 rel
818 3673 921 3746 aliquid
937 3674 1024 3730 simile
1044 3673 1170 3745 lactendi,
1208 3678 1289 3729 actus
1307 3672 1362 3728 sint
1374 3670 1488 3744 publici,
1499 3673 1595 3730 saltem
1609 3676 1772 3732 notorieiate
1786 3677 1864 3750 lacti,
1880 3691 1935 3732 non
1951 3690 2010 3746 pos·
2037 3695 2043 3706 ·

370 3765 478 3837 quoties
491 3762 554 3820 talis
568 3763 689 3833 occasio,
705 3761 747 3818 vel
764 3762 893 3834 temporis
910 3764 1057 3819 necessitas
1073 3777 1173 3818 occur·
1209 3769 1274 3819 sunt
1286 3777 1347 3820 esse
1365 3765 1421 3835 apti
1435 3763 1469 3820 ad
1484 3762 1621 3836 publicam
1636 3765 1865 3825 consuetudinem
1879 3765 2013 3823 inducen-

369 3855 445 3912 rerit.
462 3855 496 3909 Et
515 3858 581 3909 tunc
595 3853 671 3908 iuxta
685 3867 830 3908 nurnerum
846 3859 874 3910 et
893 3852 1073 3925 frequentiam
1092 3867 1174 3908 occa·
1209 3852 1286 3909 dam:
1308 3860 1336 3910 et
1357 3851 1566 3932 itadeclaratur
1579 3853 1647 3912 baec
1662 3854 1782 3912 conditio
1797 3857 1825 3912 in
1840 3856 1859 3912 l.
1878 3861 1906 3928 5,
1925 3853 1966 3911 tit.
1981 3857 2010 3922 2,

372 3944 480 4000 stonum
494 3943 547 3998 erit
567 3942 720 3997 necessaria
735 3941 884 4014 trequentiu
904 3947 1036 4013 aetutem,
1053 3948 1174 4014 tempore
1210 3942 1300 4015 partit.
1322 3947 1345 4000 l.

372 4031 542 4102 necessario,
560 4033 618 4086 sine
640 4031 844 4102 interruptione.
861 4032 928 4087 item
943 4030 969 4086 bi
990 4036 1068 4089 aetus
1083 4045 1174 4101 respe-

371 4129 420 4178 ctu
434 4119 637 4178 communitatis
653 4125 718 4175 sunt
731 4134 778 4191 per
793 4119 905 4176 modum
923 4119 1015 4190 unius,
1032 4127 1171 4192 quatenus
1504 4120 1644 4191 CAPUT
1666 4121 1725 4189 xl,

371 4212 414 4268 vel
431 4216 486 4268 tota
500 4210 683 4266 communitas
698 4224 747 4280 per
766 4209 878 4266 modum
894 4211 975 4266 unius
996 4224 1128 4280 personae
1144 4209 1173 4264 li·

372 4307 449 4372 ctae,
466 4313 515 4356 seu
534 4297 657 4371 collegii,
674 4303 706 4353 ut
723 4295 863 4376 eligendp,
879 4297 1047 4370 ordinando,
1062 4305 1116 4354 eto.
1131 4295 1175 4353 vel
1264 4317 1371 4375 mmm
1385 4313 1426 4372 ap
1440 4313 1682 4372 mmmmm
1694 4313 1826 4373 impp„
1840 4319 1949 4374 „oppa

373 4391 438 4463 quia
453 4404 549 4446 omnes
562 4387 597 4444 de
611 4387 824 4460 communitate,
841 4386 883 4443 vel
898 4391 986 4444 maior
1001 4402 1175 4460 perosorum
1312 4403 1348 4462 dp
1362 4401 1667 4479 acpmmsreqmpa
1680 4409 1853 4466 „mmm
1866 4411 1915 4466 352,

373 4485 556 4546 concurrunt,
569 4476 634 4534 licet
646 4477 745 4549 singuli
761 4492 809 4550 per
823 4492 853 4533 se
867 4485 1029 4551 operentur,
1040 4485 1072 4534 ut
1084 4479 1110 4534 in
1126 4479 1174 4536 ob·

374 4570 528 4626 servatione
542 4567 613 4637 testi,
626 4566 652 4623 in
666 4567 777 4637 ieiunio,
790 4575 846 4624 etc.
859 4567 894 4624 Et
905 4569 939 4624 ita
954 4574 1083 4639 respectu
1095 4584 1172 4626 com·

373 4660 516 4716 munitatis
528 4658 607 4728 pauci
619 4664 699 4720 actus
710 4657 861 4714 sulliciunt.
873 4660 900 4713 ln
912 4657 1026 4731 singulis
1038 4674 1102 4715 vero
1115 4675 1177 4731 par·

375 4749 449 4804 sonis
469 4746 697 4818 multiplicantur,
713 4752 740 4802 et
760 4746 836 4803 iuxta
851 4748 943 4819 populi

1502 4599 1733 4664 summarium

555 4837 559 4846 .
614 4838 619 4849 .
882 4839 887 4851 ,
919 4840 924 4852 ,
964 4747 1177 4849 magnimdif’em
1214 4786 1239 4836 l.
1255 4785 1334 4836 bottis
1352 4785 1450 4850 publici
1468 4787 1627 4838 notorietnic
1646 4787 1709 4838 iacti
1725 4796 1832 4852 possunt
1849 4783 2008 4841 consuetudi·

374 4837 466 4912 (ΝΟΜ
482 4834 684 4893 Ιῃυιῑῑωὼῃθῐῃ
699 4843 824 4908 actuum,
840 4852 888 4909 qur
903 4839 984 4894 ⁸¹ffl⁰¹
1000 4837 1033 4894 lb
1049 4838 1176 4895 ⁰ffl⁰¹bl¹³
1247 4869 1305 4906 nem
1324 4855 1502 4906 inducere.—
1519 4855 1544 4907 2.
1559 4857 1595 4906 nd
1616 4857 1784 4908 inducendam
1801 4857 2006 4910 consuetudinem

375 4928 409 4985 de
421 4927 521 4999 populo
536 4926 615 4997 liunt,
627 4934 655 4981 et
667 4925 741 4982 iitnta
756 4927 887 4998 temporis
898 4927 1071 4986 durationem
1084 4927 1175 5000 quoad
1247 4939 1297 4976 non
1312 4925 1456 4989 requiritur
1468 4932 1541 4976 actus
1555 4926 1725 4978 iudicialis-
1735 4927 1918 4992 3..iiesponsio
1929 4927 1958 4977 ad
1970 4935 2007 4972 ar·

376 5017 558 5090 frequentiam
580 5013 710 5071 similium
730 5023 857 5084 actuum,
873 5017 920 5088 qui
940 5032 956 5072 a
976 5016 1090 5089 stragulis
1110 5019 1178 5072 liunt
1247 5003 1369 5058 ⁸⁰¹⁰⁰¹¹²³
1392 4996 1538 5045 ⁰⁰⁰¹ffl¹¹²⁰
1560 4999 1714 5048 semem&
1733 5025 1769 5034 ··
1787 4997 1825 5048 nd
1847 5001 2007 5063 primum*

377 5107 665 5164 supreminentem
677 5104 852 5177 quandcnon
867 5106 1017 5178 requiritur
1028 5105 1097 5162 certi
1110 5113 1178 5164 tem·
1247 5064 2006 5199 ὂὶιῇᾱνζῖξξῗᾞᾶῗπὲἒὲὲζῗὲξιῐξῖεξθῇξοῑίξξῖζῡῑὲᾖ

378 5197 453 5272 poris
467 5196 624 5263 successio,
640 5202 706 5252 tunc
722 5195 794 5252 sicut
809 5201 917 5268 tempus
932 5195 1040 5271 ipsum,
1055 5211 1176 5269 proquo
1249 5217 1307 5255 rum
1318 5205 1447 5256 sententia
1459 5204 1491 5257 de
1505 5204 1648 5256 inducenda
1660 5207 1856 5268 consuetudine.
1867 5235 1902 5245 -
1913 5197 2004 5267 sputi
