4278 6242
361 327 424 395 118
838 357 843 366 ¹
1018 403 1023 412 ,
1071 347 1173 400 nrnsa
1188 349 1223 397 v.

323 470 379 530 ltoc
393 477 561 544 tentaverit,
578 473 840 548 onrmmsructum
849 473 993 550 propriae
1008 474 1125 530 temeri·
1161 472 1201 528 sio
1215 470 1365 530 subsistere
1378 477 1488 544 posset,
1502 473 1584 529 eham
1606 487 1659 530 non
1680 472 1800 531 admissa
1814 475 1897 546 priori
1917 475 1958 534 in·

323 563 396 619 tatis
417 565 553 632 amittat,
577 568 605 622 ct
620 568 722 640 pretia
740 563 835 622 tueris
852 561 1004 622 Ecclesiae
1021 564 1125 634 acqui·
1160 562 1367 635 terpretatione,
1381 559 1508 632 diceudo,
1525 560 1612 635 legem
1627 579 1689 620 non
1702 559 1827 621 dubium
1839 571 1960 622 eireno-

323 655 443 720 rantur,
466 657 494 709 et
507 652 642 730 praedia
659 671 726 712 cunt
737 652 902 727 fructibus,
918 651 1123 728 pensionibus,
1160 667 1240 710 rasse
1254 653 1398 726 antiquum
1414 653 1473 718 ius,
1488 657 1517 708 et
1530 651 1599 709 illud
1612 651 1730 725 amplius
1743 653 1915 726 declarasse,
1930 660 1960 712 et

324 739 369 797 uel
382 742 603 801 accessionibus
618 747 706 802 totius
720 742 811 802 medii
821 745 961 818 tenrporis
974 739 1124 800 nincticcn·
1159 747 1301 812 praeterea
1314 740 1382 798 illud
1395 739 1551 798 extendisse
1565 739 1638 799 dicio
1654 741 1746 799 modo.
1763 743 1960 800 Verumtamen

323 835 381 898 tur,
400 836 434 888 ut
448 836 593 907 tanquam
604 837 722 908 penitus
736 851 758 893 a
770 832 852 891 nullo
866 836 980 907 empta,
998 830 1044 890 uel
1056 847 1125 889 oen·
1158 830 1301 902 existimo,
1318 831 1525 902 responsionem
1539 829 1612 887 illam
1628 837 1725 888 neutro
1739 831 1822 888 modo
1836 847 1897 906 esse
1911 847 1958 890 ne·

323 919 391 978 dita
404 915 572 979 teneantur.
588 924 662 998 Ergo
678 923 776 981 habere
790 922 890 995 aliquid
904 939 954 995 pro
968 921 1069 979 iniecto
1083 920 1123 978 oi·
1158 918 1317 976 cessariam.
1340 919 1401 976 Nou
1421 919 1493 976 enim
1508 934 1623 992 poenam
1638 921 1711 979 illam
1726 928 1753 978 et
1766 921 1958 998 irritationem,

323 1010 360 1068 hil
375 1011 447 1069 aliud
462 1019 515 1087 est,
532 1029 614 1086 quam
629 1014 781 1071 incurrisse
796 1015 855 1085 ipso
869 1012 942 1069 iacto
956 1010 1122 1084 multitatem,
1158 1015 1243 1080 prout
1262 1009 1317 1065 lota
1335 1013 1394 1078 est,
1415 1007 1474 1080 ipso
1493 1009 1567 1067 laeto
1589 1025 1638 1082 per
1657 1009 1744 1083 legem
1758 1009 1959 1068 pandochium

323 1099 420 1157 saltem
435 1101 544 1161 fictione
559 1103 637 1160 iuris.
651 1104 731 1175 Nam,
748 1109 779 1160 ut
792 1101 908 1160 advertit
920 1102 995 1158 Bart.
1011 1101 1038 1156 in
1050 1099 1125 1157 dicta
1158 1096 1185 1153 in
1201 1097 1349 1170 antiquiori
1361 1099 1423 1154 iure
1437 1098 1565 1170 reperiri,
1580 1100 1724 1172 nimirum,
1739 1100 1867 1159 camillo
1882 1101 1960 1160 addi·

324 1189 383 1263 lege
398 1207 458 1249 non
470 1190 612 1260 dubium,
631 1192 698 1249 haec
713 1192 795 1249 rerba
805 1207 862 1266 pro
876 1188 993 1262 insectis
1006 1188 1120 1253 habea,
1159 1193 1203 1244 to:
1222 1189 1263 1247 Ul
1275 1203 1326 1254 ea,
1343 1202 1420 1260 quae
1434 1193 1542 1246 contra
1554 1187 1647 1264 legem
1659 1189 1756 1264 fiunt,
1772 1190 1914 1254 inutilia,
1931 1195 1960 1248 ct

323 1283 446 1342 censeri,
465 1286 494 1337 et
507 1278 613 1353 similia,
627 1276 779 1340 secundum
796 1280 861 1337 iuris
875 1279 1011 1336 helionem
1024 1277 1076 1334 hoc
1088 1280 1125 1332 sl·
1156 1291 1212 1350 pro
1226 1274 1346 1349 insectis
1358 1276 1536 1347 habeantur,
1555 1277 1625 1337 licet
1638 1279 1794 1353 legislator
1803 1282 1961 1356 prohihue-

323 1369 568 1442 gqilicaut,etideo
580 1386 634 1428 non
646 1380 800 1445 repugnant
810 1368 927 1427 naturali
939 1367 1123 1437 rnloriactus,
1158 1369 1200 1424 rit
1219 1371 1353 1434 tantum,
1377 1383 1432 1424 nec
1451 1367 1622 1442 specialiter
1635 1367 1762 1439 dicerit,
1779 1369 1884 1428 inutile
1898 1386 1961 1428 esse

323 1460 379 1516 imo
392 1459 469 1516 illum
484 1463 658 1534 supponunt,
675 1477 729 1519 non
748 1460 837 1518 solum
851 1457 941 1533 quoad
955 1456 1124 1515 materialem
1159 1452 1276 1524 dehere,
1295 1454 1373 1528 quod
1391 1453 1508 1516 sactum
1528 1462 1580 1515 est.
1596 1459 1654 1516 lloc
1673 1460 1744 1516 enim
1757 1466 1800 1517 est
1814 1461 1959 1532 proprium

324 1548 460 1606 actionem
480 1558 635 1622 externam,
657 1557 690 1607 ut
708 1551 782 1607 Bart.
806 1550 981 1622 interpretari
1004 1545 1122 1618 videtur,
1159 1543 1375 1601 additamentum
1396 1545 1467 1602 illius
1486 1546 1566 1619 legis,
1583 1548 1785 1621 propterquod
1800 1549 1957 1622 principali-

325 1637 372 1694 sed
395 1639 475 1696 etiam
495 1639 585 1714 quood
606 1627 739 1698 moralem
759 1640 889 1710 valorem,
907 1651 956 1694 seu
971 1634 1124 1693 naturalem
1160 1639 1200 1690 ter
1214 1633 1324 1690 condita
1338 1632 1458 1707 videtur,
1474 1636 1550 1709 quod
1564 1638 1591 1694 in
1603 1637 1678 1695 nullo
1690 1637 1748 1695 iure
1759 1638 1904 1711 antiquiori
1914 1655 1959 1696 ro·

324 1727 528 1802 obligationem,
547 1729 569 1786 si
585 1729 633 1787 alia
649 1731 690 1787 ria
704 1747 758 1787 non
774 1728 905 1802 excludit,
921 1727 984 1800 quia
995 1726 1124 1783 rerbari-
1159 1723 1274 1795 peritur.
1297 1724 1365 1781 Nam
1386 1723 1460 1798 quod
1481 1727 1580 1783 attinet
1598 1725 1631 1782 ad
1646 1724 1705 1784 iura
1719 1728 1911 1802 Digestorum,
1927 1727 1960 1783 li-

323 1817 398 1889 goris
417 1817 556 1876 limitanda
570 1817 681 1876 suntad
696 1820 839 1892 proprium
855 1815 1074 1875 etsullicientem
1085 1813 1122 1870 el·
1159 1818 1205 1869 aet
1219 1827 1299 1884 saepe
1313 1813 1422 1871 dicant:
1438 1816 1549 1888 Turpes
1560 1814 1763 1890 stipulationes
1773 1816 1885 1874 nullius
1896 1832 1959 1875 esse

324 1904 437 1964 lectum.
461 1905 547 1966 Recte
565 1924 631 1983 ergo
651 1908 797 1982 exponitur
812 1907 856 1964 illa
870 1907 912 1964 lex
927 1905 960 1962 de
974 1904 1123 1962 irritatione
1160 1905 1318 1964 momerrtl,
1336 1901 1357 1960 l.
1373 1902 1561 1976 generaliter,
1580 1905 1608 1963 li.
1625 1905 1659 1963 de
1673 1906 1780 1964 verbor.
1799 1906 1910 1980 obligat.
1930 1911 1960 1963 et

324 1995 385 2066 ipso
407 1997 498 2070 lacto,
520 1997 625 2055 etiamsi
646 2005 726 2055 actus
746 2014 799 2054 noa
815 1998 850 2054 sit
864 1995 973 2053 omnino
986 1992 1080 2050 nullus
1095 1993 1123 2048 in
1158 1998 1239 2065 pacta
1258 1997 1356 2050 contra
1374 1993 1462 2050 bonos
1482 2008 1572 2051 mores
1586 1995 1695 2053 inutilia
1708 2011 1778 2067 asse,
1795 1997 1814 2053 l.
1831 1993 1959 2070 stipato-

324 2098 365 2156 se,
383 2090 412 2140 et
424 2085 515 2158 quoad
530 2087 682 2145 naturalem
697 2086 898 2160 obligationem,
912 2091 939 2140 et
949 2097 1122 2154 consequen·
1158 2085 1198 2139 tto
1212 2082 1268 2140 leoc
1278 2080 1379 2144 niodo,
1395 2082 1413 2138 l.
1429 2083 1520 2152 Titia,
1538 2084 1635 2142 eodem
1650 2084 1728 2143 titulo
1738 2086 1795 2143 etl.
1807 2087 1899 2158 siquas
1913 2087 1959 2140 in·

325 2179 367 2230 ter
387 2176 486 2246 optime
507 2176 685 2248 conciliatur,
711 2175 785 2250 quod
804 2175 840 2232 sit
860 2173 951 2231 irritus
971 2174 1031 2245 ipso
1050 2170 1124 2228 iacto
1158 2169 1296 2245 pullinos,
1321 2177 1334 2246 q
1356 2170 1405 2229 ult.
1427 2173 1456 2228 d.
1476 2170 1510 2229 de
1523 2172 1604 2246 legat.
1625 2179 1656 2247 t,
1673 2174 1719 2232 ubi
1732 2175 1814 2232 etiam
1829 2172 1955 2231 additur:

325 2261 434 2321 batione
449 2265 525 2336 iuris,
541 2271 570 2322 et
583 2265 756 2323 nihilominus
770 2281 823 2322 non
836 2264 985 2322 inducatur
997 2259 1124 2334 obligatio
1158 2263 1261 2334 Siquis
1280 2262 1435 2336 scripserit
1455 2267 1559 2320 contra
1576 2261 1670 2338 lepern
1684 2262 1815 2337 aliquid,
1832 2262 1877 2322 nel
1890 2279 1958 2321 eon·

325 2351 353 2408 io
372 2356 543 2413 conscientia
561 2355 595 2412 ad
608 2354 816 2413 dissolutionem
830 2355 890 2411 eius
905 2348 1041 2426 usquead
1056 2348 1123 2406 iudi·
1158 2356 1208 2408 tra
1222 2349 1352 2408 edictum
1364 2356 1524 2426 praetoris,
1539 2370 1599 2410 non
1609 2354 1718 2413 valere.
1734 2356 1814 2412 Licet
1826 2354 1904 2428 haec,
1917 2354 1958 2410 in·
2045 2354 2047 2358 ’

324 2443 363 2500 cis
378 2447 553 2503 sententiam.
1156 2457 1251 2515 quam,
1267 2446 1294 2497 et
1309 2441 1405 2498 similia
1419 2442 1473 2498 sint
1487 2443 1592 2516 antiqui
1606 2445 1685 2519 iuris,
1697 2446 1723 2501 in
1735 2445 1773 2502 eis
1784 2451 1875 2503 umen
1887 2459 1957 2502 nun·

364 2536 391 2592 9.
407 2534 461 2593 Sed
475 2533 555 2592 obiici
570 2540 662 2608 potest
674 2533 810 2607 secundo,
825 2535 889 2606 qula
903 2532 955 2589 isto
971 2528 1052 2587 modo
1067 2530 1122 2586 iam
1158 2546 1240 2604 quam
1255 2530 1420 2602 explicatur,
1432 2531 1518 2588 solam
1531 2533 1736 2605 prohibitionem
1749 2534 1815 2609 legis
1827 2534 1957 2592 sulllcere

325 2630 403 2681 erant
419 2625 487 2681 irriti
501 2631 581 2683 actus
592 2625 657 2683 iacti
667 2631 766 2682 contra
777 2623 864 2698 legem
875 2620 1062 2695 prohibentem
1074 2633 1122 2691 per
1158 2620 1193 2677 ad
1203 2619 1370 2678 irritandum
1381 2628 1474 2678 actum
1487 2621 1545 2694 ipso
1557 2623 1627 2695 iure,
1640 2623 1720 2681 modo
1731 2625 1957 2697 explicantem

323 2715 446 2772 andcum
466 2716 509 2771 ius
524 2721 586 2772 ante
602 2722 724 2788 tempora
736 2714 898 2782 Theodosii3
913 2727 979 2784 crgo
991 2709 1122 2766 maiorem
1158 2711 1223 2785 quia
1244 2725 1310 2767 cum
1328 2709 1441 2783 dicuat,
1463 2726 1523 2767 esse
1538 2712 1656 2786 inutilia,
1671 2713 1713 2770 rel
1728 2729 1782 2770 aon
1797 2714 1899 2783 volere,
1916 2714 1956 2770 in·

323 2802 501 2861 irritationem
519 2804 622 2862 addidit
635 2803 676 2862 ler
688 2821 749 2862 non
759 2803 892 2864 dubium,
906 2800 972 2858 alias
983 2797 1123 2870 superllna
1157 2798 1241 2872 telligi
1258 2806 1383 2872 possunt,
1399 2799 1490 2858 solum
1503 2802 1530 2857 in
1546 2801 1639 2860 ordine
1652 2803 1684 2860 ad
1696 2804 1802 2860 civilem
1814 2803 1957 2878 obligatio·

323 2890 436 2964 luisset3
453 2908 587 2967 argonna
602 2901 709 2952 tantum
724 2893 830 2951 inducit
843 2892 1021 2948 irritationem
1036 2888 1121 2946 ilatio·
1158 2904 1235 2962 nem,
1251 2889 1294 2946 rol
1314 2888 1347 2946 ad
1368 2888 1485 2946 dandam
1500 2891 1771 2966 notionemeivilen13
1787 2895 1954 2967 tumetium,

326 2995 358 3038 ne
378 2982 462 3054 iuris,
484 2998 533 3039 seu
555 2983 580 3040 in
602 2982 696 3040 ordine
716 2983 751 3040 ad
766 2981 928 3040 sententiam
943 2979 1056 3048 iudicis,
1074 2977 1122 3034 sed
1158 2979 1221 3052 quia
1236 2979 1280 3036 illa
1294 2980 1801 3054 iurasemperioquunturdaactibus
1813 2981 1957 3041 includen-

323 3070 448 3128 absolute
460 3078 495 3128 et
516 3073 542 3129 ih
563 3089 609 3144 se,
632 3075 659 3130 in
678 3072 773 3130 ordine
787 3071 820 3129 ad
834 3070 966 3128 iudicium
981 3069 1122 3125 eonscien·
1155 3069 1229 3127 tibus
1250 3067 1460 3141 turpitudinem.
1477 3076 1507 3125 ut
1522 3078 1588 3126 sunt
1601 3069 1648 3142 illi,
1662 3072 1709 3144 qul
1724 3072 1873 3144 respiciunt
1887 3071 1956 3129 obli·

324 3159 385 3216 tiae.
403 3161 573 3219 antecedens
587 3169 662 3236 patet
674 3179 707 3220 ex
722 3162 794 3220 dioto
808 3162 826 3219 l.
840 3165 944 3236 pacta,
962 3173 1040 3231 qnae
1054 3173 1121 3214 con·
1157 3159 1292 3233 gatiouem
1316 3159 1341 3214 in
1362 3159 1505 3230 laturum,
1524 3167 1553 3218 et
1572 3160 1693 3234 obligant
1710 3162 1744 3220 ad
1759 3161 1858 3235 aliquid
1874 3178 1957 3235 agen·

322 3253 387 3317 tra,
412 3249 443 3306 C.
460 3249 494 3306 do
513 3253 617 3323 pactis,
634 3251 811 3320 ubidicitur,
827 3255 925 3322 pacta,
940 3263 1010 3321 quae
1024 3253 1122 3304 eontra
1156 3247 1235 3322 dum,
1251 3247 1326 3322 quod
1340 3248 1374 3305 sit
1387 3253 1478 3320 turpe,
1490 3248 1532 3304 vel
1543 3249 1603 3324 lege
1614 3250 1797 3322 prohibitum:
1811 3251 1869 3309 talis
1881 3253 1953 3310 enim

322 3337 410 3411 legem
427 3340 508 3413 liunt,
523 3339 639 3398 nullam
654 3344 713 3399 nine
726 3340 851 3406 hahere,
868 3335 1030 3395 indubitati
1044 3339 1121 3394 iuris
1157 3340 1250 3410 pactio
1263 3337 1343 3394 etiam
1357 3352 1389 3393 er
1405 3345 1503 3394 natura
1517 3339 1554 3394 rei
1569 3339 1644 3396 irrita
1655 3346 1708 3409 est,
1721 3357 1776 3398 non
1789 3342 1814 3398 in
1826 3357 1953 3414 posnam,

321 3431 369 3488 sit.
388 3432 455 3488 Nam
471 3431 536 3489 licet
549 3432 592 3488 illa
606 3434 690 3489 etiam
705 3431 794 3488 sit-lex
808 3428 927 3500 codicis,
942 3428 995 3485 luit
1009 3427 1051 3484 lea
1066 3428 1120 3483 hn-
1136 3482 1140 3488 ,
1159 3425 1206 3483 sed
1228 3426 1293 3498 quia
1313 3425 1425 3482 matoria
1437 3427 1497 3498 ipsa
1509 3433 1553 3484 est
1565 3429 1679 3500 incapax
1694 3429 1755 3486 talis
1771 3430 1952 3504 obligationis.

322 3521 407 3577 tonini
426 3521 599 3592 imperatoris
613 3521 699 3581 multo
713 3520 926 3594 antiquioris,‘et
937 3516 1027 3574 adhuc
1040 3516 1065 3572 in
1076 3529 1122 3572 ea·
1157 3515 1235 3583 Quod
1257 3521 1332 3588 patet
1352 3530 1385 3572 er
1401 3515 1420 3571 l.
1441 3512 1545 3584 velati,
1568 3533 1638 3590 equae
1653 3517 1826 3592 subiungitur
1840 3527 1903 3593 post
1915 3521 1956 3578 di·

322 3609 384 3668 dem
399 3609 457 3684 lege
472 3611 654 3686 significatur,
670 3611 712 3668 ius
725 3611 792 3668 illud
807 3625 868 3668 esse
882 3609 1037 3682 antiquius,
1056 3622 1122 3663 cum
1157 3612 1231 3663 cam
1251 3605 1269 3661 l.
1291 3603 1478 3678 generaliter,
1498 3606 1525 3662 ll.
1546 3605 1580 3664 de
1594 3607 1702 3665 verbor.
1719 3608 1831 3682 obligat.
1846 3611 1891 3667 ubi
1904 3627 1955 3690 po·

322 3699 422 3757 dicitur
436 3700 587 3777 conplorati
604 3704 679 3758 turis
697 3715 769 3758 esse.
785 3703 879 3774 Neque
892 3698 946 3756 dici
960 3705 1068 3771 potest,
1085 3697 1123 3754 le·
1157 3702 1264 3752 nrrntur
1277 3693 1401 3768 exempla
1420 3696 1508 3766 turqris
1522 3697 1608 3767 pacti,
1623 3695 1712 3754 veluti
1725 3699 1816 3770 etquis
1829 3699 1954 3757 hanrici·

322 3803 384 3860 gem
402 3805 462 3845 non
474 3788 597 3847 dubium
616 3795 723 3848 tautum
742 3789 826 3847 luisse
845 3787 1038 3846 declarativam
1053 3788 1122 3844 iuris
1158 3783 1257 3853 diurn,
1279 3783 1324 3842 uel
1337 3782 1529 3858 sacrttepiun
1544 3798 1574 3840 se
1587 3789 1818 3844 coneneissuram
1827 3792 1954 3862 promit-

323 3877 441 3949 antiqui,
457 3884 486 3933 et
499 3895 552 3934 non
567 3879 771 3936 constitutivam
785 3879 847 3944 novi
862 3879 939 3936 iuris.
955 3880 1021 3935 Nam
1038 3893 1122 3949 oppo-
1158 3879 1214 3932 tat.
1236 3875 1271 3932 Et
1292 3874 1388 3932 similia
1407 3881 1473 3931 sunt
1492 3881 1573 3946 pacta
1586 3882 1683 3932 eontra
1696 3876 1783 3934 bonos
1798 3893 1904 3953 mores,
1919 3879 1954 3940 de

323 3967 406 4024 situm
427 3966 550 4026 indicant
570 3969 656 4026 multa
674 3969 757 4027 verba
771 3966 892 4025 eiusdem
908 3966 994 4042 legis,
1011 3966 1122 4024 utillud
1158 3965 1259 4038 quihus
1273 3965 1338 4022 aliae
1353 3964 1426 4036 leges
1440 3964 1605 4035 loquuntur.
1723 4021 1726 4028 ,
1904 3955 1912 3964 ’

323 4055 396 4128 apud
420 4055 621 4115 Theodosium:
646 4062 712 4116 Hac
731 4063 879 4133 perpetua
901 4056 964 4130 lege
986 4055 1123 4116 valitura
1200 4059 1244 4115 10.
1257 4052 1955 4130 Solumoportetadrertere,aliquandoesseposse

323 4148 493 4214 saneimas;
508 4153 537 4204 et
554 4146 638 4206 illud:
658 4145 783 4207 Nullum
793 4151 920 4223 parturn
934 4143 1030 4202 uideri
1043 4145 1123 4204 uolu-
1158 4146 1367 4220 promissionem
1380 4150 1478 4201 annus
1489 4144 1577 4201 honos
1588 4159 1678 4203 mores
1688 4146 1838 4219 naturales,
1849 4155 1877 4206 et
1887 4155 1954 4208 tuno

322 4252 389 4294 mus
409 4235 614 4304 subsecutum
634 4243 663 4295 et
681 4237 764 4295 iilud:
788 4237 968 4298 Gerreraliter
990 4239 1118 4312 impera·
1158 4237 1268 4294 omuino
1288 4231 1390 4291 nullam
1411 4248 1486 4305 esse;
1509 4233 1654 4307 aliquando
1669 4250 1732 4293 uero
1749 4241 1846 4293 contra
1859 4239 1953 4296 uiriles

323 4341 411 4392 mns;
431 4325 476 4382 illa
495 4327 567 4383 enim
582 4326 665 4384 verba
678 4325 827 4395 nolumus,
844 4329 1046 4402 imperamus,
1064 4341 1123 4384 ma·
1159 4333 1265 4384 tantum
1281 4340 1383 4396 mores,
1397 4329 1426 4380 et
1441 4329 1507 4380 tune
1520 4325 1587 4381 satis
1601 4339 1672 4392 esse,
1688 4324 1764 4398 quod
1778 4325 1815 4382 sit
1828 4325 1902 4385 nulla
1916 4329 1954 4384 cl·

323 4415 421 4475 niieste
436 4424 503 4475 sunt
516 4417 657 4474 condentia
673 4432 774 4474 aarum
789 4417 842 4474 ius.
1157 4416 1261 4488 viliter,
1281 4429 1346 4472 sum
1360 4413 1536 4485 proportione
1549 4413 1622 4470 enim
1635 4412 1837 4487 intelligendum
1852 4423 1903 4474 est.
1919 4420 1956 4476 ttt

305 4575 308 4584 A
361 4504 401 4562 hd
421 4504 534 4563 similem
553 4505 734 4564 obiectionem
749 4504 801 4562 late
822 4506 970 4577 respondet
983 4504 1121 4578 itendoza,
1157 4507 1196 4564 sie
1210 4505 1290 4564 etiam
1304 4505 1329 4560 in
1345 4501 1418 4559 dicto
1433 4500 1455 4569 i.
1472 4502 1522 4558 ult.
1539 4501 1670 4576 iquodde
1681 4507 1903 4577 testamentis,et
1916 4507 1955 4565 lo·

323 4595 466 4667 supposita
482 4611 532 4651 sua
546 4595 783 4667 interpretatione,
798 4600 825 4651 et
838 4597 865 4651 in
880 4595 1122 4667 summariorum
1157 4597 1227 4672 gatis
1243 4593 1355 4666 tractati
1369 4599 1434 4649 tuno
1446 4591 1548 4649 dicitur
1558 4591 1660 4667 aliquid
1671 4609 1731 4650 asse
1742 4595 1876 4666 scriptum
1888 4613 1956 4655 con·

323 4687 349 4740 ri
370 4684 436 4741 iuris
457 4685 620 4758 antiquioris
639 4684 722 4742 luisse
742 4685 817 4742 irrita
835 4685 908 4742 laeta
926 4692 1023 4742 contra
1036 4685 1123 4757 legem
1158 4696 1201 4745 tra
1215 4685 1315 4758 legem,
1333 4681 1443 4757 quando
1458 4687 1571 4738 testator
1584 4681 1661 4740 iubet
1674 4681 1777 4756 aliquid
1792 4685 1955 4745 hericontro

323 4765 455 4845 exp'rosse
473 4773 677 4847 prohibentem,
697 4790 752 4832 non
766 4781 858 4832 tamen
872 4775 943 4832 laeto
957 4775 982 4831 in
998 4773 1123 4832 lraudem
1158 4776 1260 4849 legem,
1275 4772 1352 4846 quod
1367 4771 1524 4829 mandatum
1539 4770 1641 4827 nullius
1656 4773 1786 4830 momenti
1800 4780 1853 4831 est.
1871 4775 1905 4833 Et
1916 4778 1955 4834 ita

324 4862 392 4936 legis
407 4869 525 4938 tautum,
538 4871 566 4920 et
578 4880 633 4920 non
646 4863 920 4937 contraverhaeius,
932 4864 1122 4938 utipselonge
1158 4867 1184 4922 in
1205 4864 1246 4920 his
1268 4863 1375 4919 iuribus
1395 4877 1449 4917 non
1470 4859 1589 4918 hahetur
1609 4859 1722 4919 irritatio
1742 4862 1883 4937 poenalis,
1906 4865 1954 4925 sed

324 4954 408 5027 petito
423 4953 553 5025 principio
567 4953 703 5026 declarat3
720 4954 805 5028 legem
820 4962 913 5012 autem
925 4970 985 5011 non
999 4951 1123 5010 dubium
1157 4955 1236 5028 quasi
1258 4952 1407 5009 intrinseca
1426 4956 1454 5008 et
1473 4949 1604 5006 naturalis
1624 4951 1789 5023 explicatur.
1810 4953 1846 5012 Et
1858 4955 1955 5016 eodem

323 5041 461 5101 addidisse
476 5044 654 5102 irritationem
670 5050 794 5117 actuum,
810 5045 857 5118 qui
874 5045 899 5101 io
916 5043 1040 5101 fraudem
1055 5042 1122 5117 legis
1158 5041 1238 5100 modo
1258 5039 1377 5113 intelligo
1399 5039 1486 5113 legem
1502 5043 1610 5114 pacta,
1633 5056 1710 5114 quae
1730 5045 1850 5112 eontra,
1868 5046 1899 5102 G.
1921 5047 1955 5105 ds

325 5133 410 5206 liunt3
425 5136 569 5192 olitanae
582 5150 644 5192 esse
658 5133 845 5208 superhuam,
862 5150 912 5192 uec
926 5133 1122 5192 declarativam
1158 5134 1263 5206 pactis,
1280 5131 1305 5188 in
1321 5145 1377 5205 qua
1391 5128 1452 5187 ideo
1467 5128 1519 5186 hoo
1534 5127 1634 5187 dicitur
1648 5147 1708 5188 esse
1722 5130 1862 5191 indubitati
1877 5135 1953 5209 iuris,

326 5231 446 5297 tontum,
463 5223 510 5282 sed
524 5227 731 5284 constitutivam
745 5227 809 5282 novi
823 5226 904 5282 iuris.
921 5227 995 5294 Quae
1007 5239 1122 5298 respon·
1157 5223 1222 5298 quia
1242 5227 1286 5279 est
1303 5219 1388 5294 magis
1408 5219 1549 5295 naturale,
1570 5234 1653 5293 quam
1674 5221 1834 5297 positivum,
1850 5227 1955 5300 etquis
