<?xml version="1.0" encoding="UTF-8"?>
<!DOCTYPE html PUBLIC "-//W3C//DTD XHTML 1.0 Transitional//EN"
    "http://www.w3.org/TR/xhtml1/DTD/xhtml1-transitional.dtd">
<html xmlns="http://www.w3.org/1999/xhtml" xml:lang="en" lang="en">
 <head>
  <title>
</title>
<meta http-equiv="Content-Type" content="text/html;charset=utf-8" />
  <meta name='ocr-system' content='tesseract 3.04.00' />
  <meta name='ocr-capabilities' content='ocr_page ocr_carea ocr_par ocr_line ocrx_word'/>
</head>
<body>
  <div class='ocr_page' id='page_1' title='image "./tractatusdelegi00sugoog_0414.png"; bbox 0 0 4290 6222; ppageno 0'>
   <div class='ocr_carea' id='block_1_1' title="bbox 847 393 1707 458">
    <p class='ocr_par' dir='ltr' id='par_1_1' title="bbox 847 393 1707 458">
     <span class='ocr_line' id='line_1_1' title="bbox 847 393 1707 458; baseline 0.002 -2"><span class='ocrx_word' id='word_1_1' title='bbox 847 407 1053 458; x_wconf 81' lang='lat' dir='ltr'><strong>carorxmr.</strong></span> <span class='ocrx_word' id='word_1_2' title='bbox 1647 393 1707 458; x_wconf 76' lang='lat' dir='ltr'><strong>bul</strong></span> 
     </span>
    </p>
   </div>
   <div class='ocr_carea' id='block_1_2' title="bbox 112 532 1838 5342">
    <p class='ocr_par' dir='ltr' id='par_1_2' title="bbox 112 532 1838 5342">
     <span class='ocr_line' id='line_1_2' title="bbox 115 532 1746 612; baseline -0.005 -14"><span class='ocrx_word' id='word_1_3' title='bbox 115 547 182 612; x_wconf 91' lang='lat' dir='ltr'><strong>post</strong></span> <span class='ocrx_word' id='word_1_4' title='bbox 199 539 480 598; x_wconf 89' lang='lat' dir='ltr'><strong>communicationem</strong></span> <span class='ocrx_word' id='word_1_5' title='bbox 491 555 545 596; x_wconf 94' lang='lat' dir='ltr'><strong>non</strong></span> <span class='ocrx_word' id='word_1_6' title='bbox 559 537 667 596; x_wconf 84' lang='lat' dir='ltr'><strong>extendi</strong></span> <span class='ocrx_word' id='word_1_7' title='bbox 682 535 715 593; x_wconf 91' lang='lat' dir='ltr'><strong>ad</strong></span> <span class='ocrx_word' id='word_1_8' title='bbox 732 535 812 592; x_wconf 90' lang='lat' dir='ltr'><strong>talem</strong></span> <span class='ocrx_word' id='word_1_9' title='bbox 827 532 919 589; x_wconf 89' lang='lat' dir='ltr'><strong>reatri·</strong></span> <span class='ocrx_word' id='word_1_10' title='bbox 953 533 1021 588; x_wconf 85' lang='lat' dir='ltr'><strong>velle</strong></span> <span class='ocrx_word' id='word_1_11' title='bbox 1043 533 1171 590; x_wconf 88' lang='lat' dir='ltr'><strong>maiorem</strong></span> <span class='ocrx_word' id='word_1_12' title='bbox 1191 535 1304 605; x_wconf 90' lang='lat' dir='ltr'><strong>gratiam</strong></span> <span class='ocrx_word' id='word_1_13' title='bbox 1328 535 1418 592; x_wconf 89' lang='lat' dir='ltr'><strong>iacere</strong></span> <span class='ocrx_word' id='word_1_14' title='bbox 1438 536 1464 591; x_wconf 95' lang='lat' dir='ltr'><strong>in</strong></span> <span class='ocrx_word' id='word_1_15' title='bbox 1489 537 1746 606; x_wconf 77' lang='lat' dir='ltr'><strong>communicatione,</strong></span> 
     </span>
     <span class='ocr_line' id='line_1_3' title="bbox 113 622 1749 704; baseline -0.006 -17"><span class='ocrx_word' id='word_1_16' title='bbox 113 627 258 702; x_wconf 65' lang='lat' dir='ltr'><strong>ctionem‘}</strong></span> <span class='ocrx_word' id='word_1_17' title='bbox 271 647 338 704; x_wconf 88' lang='lat' dir='ltr'><strong>ergo</strong></span> <span class='ocrx_word' id='word_1_18' title='bbox 353 623 472 704; x_wconf 81' lang='lat' dir='ltr'><strong>positum</strong></span> <span class='ocrx_word' id='word_1_19' title='bbox 487 625 633 688; x_wconf 84' lang='lat' dir='ltr'><strong>dicendum</strong></span> <span class='ocrx_word' id='word_1_20' title='bbox 653 628 762 683; x_wconf 86' lang='lat' dir='ltr'><strong>videtur</strong></span> <span class='ocrx_word' id='word_1_21' title='bbox 783 627 809 680; x_wconf 90' lang='lat' dir='ltr'><strong>in</strong></span> <span class='ocrx_word' id='word_1_22' title='bbox 823 622 919 679; x_wconf 85' lang='lat' dir='ltr'><strong>rostri·</strong></span> <span class='ocrx_word' id='word_1_23' title='bbox 953 639 1006 678; x_wconf 92' lang='lat' dir='ltr'><strong>non</strong></span> <span class='ocrx_word' id='word_1_24' title='bbox 1022 624 1145 680; x_wconf 90' lang='lat' dir='ltr'><strong>obstante</strong></span> <span class='ocrx_word' id='word_1_25' title='bbox 1161 625 1275 694; x_wconf 91' lang='lat' dir='ltr'><strong>paritate</strong></span> <span class='ocrx_word' id='word_1_26' title='bbox 1291 625 1401 680; x_wconf 91' lang='lat' dir='ltr'><strong>rationis</strong></span> <span class='ocrx_word' id='word_1_27' title='bbox 1417 626 1461 699; x_wconf 83' lang='lat' dir='ltr'><strong>(ut</strong></span> <span class='ocrx_word' id='word_1_28' title='bbox 1475 628 1666 698; x_wconf 75' lang='lat' dir='ltr'>supponimus,</span> <span class='ocrx_word' id='word_1_29' title='bbox 1683 625 1749 681; x_wconf 88' lang='lat' dir='ltr'><strong>olias</strong></span> 
     </span>
     <span class='ocr_line' id='line_1_4' title="bbox 112 711 1750 792; baseline -0.004 -16"><span class='ocrx_word' id='word_1_30' title='bbox 112 722 224 792; x_wconf 81' lang='lat' dir='ltr'>ctione,</span> <span class='ocrx_word' id='word_1_31' title='bbox 241 737 311 792; x_wconf 82' lang='lat' dir='ltr'><strong>quae</strong></span> <span class='ocrx_word' id='word_1_32' title='bbox 328 721 476 792; x_wconf 89' lang='lat' dir='ltr'><strong>praeeedit.</strong></span> <span class='ocrx_word' id='word_1_33' title='bbox 493 722 561 776; x_wconf 89' lang='lat' dir='ltr'><strong>ltem</strong></span> <span class='ocrx_word' id='word_1_34' title='bbox 582 718 625 774; x_wconf 88' lang='lat' dir='ltr'><strong>illa</strong></span> <span class='ocrx_word' id='word_1_35' title='bbox 640 717 778 774; x_wconf 81' lang='lat' dir='ltr'><strong>restrictio</strong></span> <span class='ocrx_word' id='word_1_36' title='bbox 793 727 920 770; x_wconf 90' lang='lat' dir='ltr'><strong>necessa·</strong></span> <span class='ocrx_word' id='word_1_37' title='bbox 953 711 1027 768; x_wconf 91' lang='lat' dir='ltr'><strong>nulla</strong></span> <span class='ocrx_word' id='word_1_38' title='bbox 1041 719 1115 768; x_wconf 90' lang='lat' dir='ltr'><strong>esset</strong></span> <span class='ocrx_word' id='word_1_39' title='bbox 1129 715 1276 786; x_wconf 67' lang='lat' dir='ltr'><strong>quaestio),</strong></span> <span class='ocrx_word' id='word_1_40' title='bbox 1293 714 1339 768; x_wconf 90' lang='lat' dir='ltr'><strong>sed</strong></span> <span class='ocrx_word' id='word_1_41' title='bbox 1356 712 1444 770; x_wconf 85' lang='lat' dir='ltr'><strong>solum</strong></span> <span class='ocrx_word' id='word_1_42' title='bbox 1461 714 1617 784; x_wconf 88' lang='lat' dir='ltr'><strong>simpliciter</strong></span> <span class='ocrx_word' id='word_1_43' title='bbox 1632 713 1750 769; x_wconf 86' lang='lat' dir='ltr'><strong>voluisse</strong></span> 
     </span>
     <span class='ocr_line' id='line_1_5' title="bbox 112 802 1749 882; baseline -0.004 -17"><span class='ocrx_word' id='word_1_44' title='bbox 112 811 156 865; x_wconf 92' lang='lat' dir='ltr'><strong>rio</strong></span> <span class='ocrx_word' id='word_1_45' title='bbox 172 813 273 866; x_wconf 87' lang='lat' dir='ltr'><strong>transit</strong></span> <span class='ocrx_word' id='word_1_46' title='bbox 282 811 314 866; x_wconf 89' lang='lat' dir='ltr'><strong>ad</strong></span> <span class='ocrx_word' id='word_1_47' title='bbox 325 807 820 882; x_wconf 84' lang='lat' dir='ltr'><strong>privilegiumadinstar;ergoetiam</strong></span> <span class='ocrx_word' id='word_1_48' title='bbox 831 810 919 858; x_wconf 90' lang='lat' dir='ltr'><strong>trans·</strong></span> <span class='ocrx_word' id='word_1_49' title='bbox 953 804 1160 858; x_wconf 89' lang='lat' dir='ltr'><strong>communicare</strong></span> <span class='ocrx_word' id='word_1_50' title='bbox 1181 803 1369 874; x_wconf 79' lang='lat' dir='ltr'><strong>privilegium,</strong></span> <span class='ocrx_word' id='word_1_51' title='bbox 1392 802 1466 874; x_wconf 89' lang='lat' dir='ltr'><strong>quod</strong></span> <span class='ocrx_word' id='word_1_52' title='bbox 1487 803 1562 858; x_wconf 89' lang='lat' dir='ltr'><strong>alteri</strong></span> <span class='ocrx_word' id='word_1_53' title='bbox 1583 817 1749 859; x_wconf 88' lang='lat' dir='ltr'><strong>concessum</strong></span> 
     </span>
     <span class='ocr_line' id='line_1_6' title="bbox 112 890 1749 969; baseline -0.004 -16"><span class='ocrx_word' id='word_1_54' title='bbox 112 901 136 954; x_wconf 92' lang='lat' dir='ltr'><strong>it</strong></span> <span class='ocrx_word' id='word_1_55' title='bbox 162 915 228 956; x_wconf 92' lang='lat' dir='ltr'><strong>cum</strong></span> <span class='ocrx_word' id='word_1_56' title='bbox 243 901 491 956; x_wconf 74' lang='lat' dir='ltr'><strong>communicatione</strong></span> <span class='ocrx_word' id='word_1_57' title='bbox 510 897 642 969; x_wconf 86' lang='lat' dir='ltr'><strong>privilegii</strong></span> <span class='ocrx_word' id='word_1_58' title='bbox 662 896 791 968; x_wconf 86' lang='lat' dir='ltr'><strong>perlecta.</strong></span> <span class='ocrx_word' id='word_1_59' title='bbox 817 892 920 950; x_wconf 87' lang='lat' dir='ltr'><strong>Proba·</strong></span> <span class='ocrx_word' id='word_1_60' title='bbox 952 890 1054 960; x_wconf 73' lang='lat' dir='ltr'><strong>luerat,</strong></span> <span class='ocrx_word' id='word_1_61' title='bbox 1064 891 1301 964; x_wconf 89' lang='lat' dir='ltr'><strong>ergointelligitur</strong></span> <span class='ocrx_word' id='word_1_62' title='bbox 1313 891 1527 948; x_wconf 91' lang='lat' dir='ltr'><strong>communicatio</strong></span> <span class='ocrx_word' id='word_1_63' title='bbox 1539 893 1614 948; x_wconf 82' lang='lat' dir='ltr'><strong>iusta</strong></span> <span class='ocrx_word' id='word_1_64' title='bbox 1625 899 1749 949; x_wconf 88' lang='lat' dir='ltr'><strong>tenorem</strong></span> 
     </span>
     <span class='ocr_line' id='line_1_7' title="bbox 113 980 1391 1062; baseline -0.007 -18"><span class='ocrx_word' id='word_1_65' title='bbox 113 995 165 1044; x_wconf 93' lang='lat' dir='ltr'><strong>tur</strong></span> <span class='ocrx_word' id='word_1_66' title='bbox 183 991 389 1062; x_wconf 70' lang='lat' dir='ltr'><strong>consequentia,</strong></span> <span class='ocrx_word' id='word_1_67' title='bbox 405 989 469 1060; x_wconf 87' lang='lat' dir='ltr'><strong>quia</strong></span> <span class='ocrx_word' id='word_1_68' title='bbox 485 988 551 1044; x_wconf 89' lang='lat' dir='ltr'><strong>baec</strong></span> <span class='ocrx_word' id='word_1_69' title='bbox 567 987 609 1042; x_wconf 85' lang='lat' dir='ltr'><strong>vol</strong></span> <span class='ocrx_word' id='word_1_70' title='bbox 624 992 690 1042; x_wconf 92' lang='lat' dir='ltr'><strong>sunt</strong></span> <span class='ocrx_word' id='word_1_71' title='bbox 705 985 730 1040; x_wconf 93' lang='lat' dir='ltr'><strong>in</strong></span> <span class='ocrx_word' id='word_1_72' title='bbox 745 999 775 1039; x_wconf 90' lang='lat' dir='ltr'><strong>re</strong></span> <span class='ocrx_word' id='word_1_73' title='bbox 790 981 872 1052; x_wconf 89' lang='lat' dir='ltr'><strong>idem,</strong></span> <span class='ocrx_word' id='word_1_74' title='bbox 887 980 919 1036; x_wconf 90' lang='lat' dir='ltr'><strong>li·</strong></span> <span class='ocrx_word' id='word_1_75' title='bbox 938 987 980 1046; x_wconf 42' lang='lat' dir='ltr'><strong>,et</strong></span> <span class='ocrx_word' id='word_1_76' title='bbox 993 981 1124 1038; x_wconf 90' lang='lat' dir='ltr'><strong>rationem</strong></span> <span class='ocrx_word' id='word_1_77' title='bbox 1140 981 1235 1052; x_wconf 91' lang='lat' dir='ltr'><strong>prioris</strong></span> <span class='ocrx_word' id='word_1_78' title='bbox 1251 980 1391 1052; x_wconf 85' lang='lat' dir='ltr'><strong>privilegii.</strong></span> 
     </span>
     <span class='ocr_line' id='line_1_8' title="bbox 112 1068 1751 1150; baseline -0.005 -17"><span class='ocrx_word' id='word_1_79' title='bbox 112 1087 164 1134; x_wconf 90' lang='lat' dir='ltr'><strong>cet</strong></span> <span class='ocrx_word' id='word_1_80' title='bbox 178 1078 266 1134; x_wconf 82' lang='lat' dir='ltr'><strong>uerbis</strong></span> <span class='ocrx_word' id='word_1_81' title='bbox 282 1078 422 1150; x_wconf 89' lang='lat' dir='ltr'><strong>dillerant,</strong></span> <span class='ocrx_word' id='word_1_82' title='bbox 436 1077 479 1132; x_wconf 83' lang='lat' dir='ltr'><strong>rel</strong></span> <span class='ocrx_word' id='word_1_83' title='bbox 494 1083 568 1132; x_wconf 90' lang='lat' dir='ltr'><strong>certe</strong></span> <span class='ocrx_word' id='word_1_84' title='bbox 583 1075 775 1146; x_wconf 74' lang='lat' dir='ltr'><strong>parificantur,</strong></span> <span class='ocrx_word' id='word_1_85' title='bbox 787 1079 830 1128; x_wconf 88' lang='lat' dir='ltr'><strong>est</strong></span> <span class='ocrx_word' id='word_1_86' title='bbox 845 1072 917 1127; x_wconf 89' lang='lat' dir='ltr'><strong>enim</strong></span> <span class='ocrx_word' id='word_1_87' title='bbox 994 1075 1020 1127; x_wconf 84' lang='lat'><strong>3.</strong></span> <span class='ocrx_word' id='word_1_88' title='bbox 1042 1069 1169 1126; x_wconf 90' lang='lat' dir='ltr'><strong>Secunda</strong></span> <span class='ocrx_word' id='word_1_89' title='bbox 1191 1069 1329 1126; x_wconf 78' lang='lat' dir='ltr'><strong>restrictio</strong></span> <span class='ocrx_word' id='word_1_90' title='bbox 1351 1068 1482 1143; x_wconf 85' lang='lat' dir='ltr'><strong>privilegii</strong></span> <span class='ocrx_word' id='word_1_91' title='bbox 1501 1085 1562 1125; x_wconf 89' lang='lat' dir='ltr'><strong>esse</strong></span> <span class='ocrx_word' id='word_1_92' title='bbox 1584 1075 1673 1142; x_wconf 92' lang='lat' dir='ltr'><strong>potest</strong></span> <span class='ocrx_word' id='word_1_93' title='bbox 1694 1069 1751 1142; x_wconf 89' lang='lat' dir='ltr'><strong>illa,</strong></span> 
     </span>
     <span class='ocr_line' id='line_1_9' title="bbox 112 1158 1751 1238; baseline -0.005 -16"><span class='ocrx_word' id='word_1_94' title='bbox 112 1167 214 1223; x_wconf 82' lang='lat' dir='ltr'><strong>eadem</strong></span> <span class='ocrx_word' id='word_1_95' title='bbox 229 1167 297 1222; x_wconf 91' lang='lat' dir='ltr'><strong>ratio</strong></span> <span class='ocrx_word' id='word_1_96' title='bbox 313 1169 340 1222; x_wconf 91' lang='lat' dir='ltr'><strong>in</strong></span> <span class='ocrx_word' id='word_1_97' title='bbox 355 1173 474 1238; x_wconf 86' lang='lat' dir='ltr'><strong>utroque</strong></span> <span class='ocrx_word' id='word_1_98' title='bbox 487 1166 645 1238; x_wconf 82' lang='lat' dir='ltr'><strong>praesertim</strong></span> <span class='ocrx_word' id='word_1_99' title='bbox 657 1161 749 1236; x_wconf 83' lang='lat' dir='ltr'><strong>qaroad</strong></span> <span class='ocrx_word' id='word_1_100' title='bbox 765 1161 837 1216; x_wconf 89' lang='lat' dir='ltr'><strong>hanc</strong></span> <span class='ocrx_word' id='word_1_101' title='bbox 852 1176 920 1216; x_wconf 89' lang='lat' dir='ltr'><strong>con·</strong></span> <span class='ocrx_word' id='word_1_102' title='bbox 952 1175 1024 1232; x_wconf 90' lang='lat' dir='ltr'><strong>quae</strong></span> <span class='ocrx_word' id='word_1_103' title='bbox 1044 1158 1106 1216; x_wconf 91' lang='lat' dir='ltr'><strong>addi</strong></span> <span class='ocrx_word' id='word_1_104' title='bbox 1128 1159 1198 1215; x_wconf 89' lang='lat' dir='ltr'><strong>solet</strong></span> <span class='ocrx_word' id='word_1_105' title='bbox 1217 1159 1243 1214; x_wconf 93' lang='lat' dir='ltr'><strong>in</strong></span> <span class='ocrx_word' id='word_1_106' title='bbox 1263 1159 1385 1214; x_wconf 86' lang='lat' dir='ltr'><strong>lavarem</strong></span> <span class='ocrx_word' id='word_1_107' title='bbox 1404 1166 1432 1215; x_wconf 92' lang='lat' dir='ltr'><strong>et</strong></span> <span class='ocrx_word' id='word_1_108' title='bbox 1452 1163 1689 1216; x_wconf 84' lang='lat' dir='ltr'><strong>conseruationem</strong></span> <span class='ocrx_word' id='word_1_109' title='bbox 1710 1159 1751 1214; x_wconf 93' lang='lat' dir='ltr'><strong>ln·</strong></span> 
     </span>
     <span class='ocr_line' id='line_1_10' title="bbox 113 1246 1751 1335; baseline -0.005 -25"><span class='ocrx_word' id='word_1_110' title='bbox 113 1255 258 1311; x_wconf 86' lang='lat' dir='ltr'><strong>ditionem.</strong></span> <span class='ocrx_word' id='word_1_111' title='bbox 274 1256 446 1312; x_wconf 67' lang='lat' dir='ltr'><strong>antecedens</strong></span> <span class='ocrx_word' id='word_1_112' title='bbox 460 1262 552 1312; x_wconf 89' lang='lat' dir='ltr'><strong>autem</strong></span> <span class='ocrx_word' id='word_1_113' title='bbox 567 1260 654 1325; x_wconf 89' lang='lat' dir='ltr'><strong>patet,</strong></span> <span class='ocrx_word' id='word_1_114' title='bbox 667 1253 732 1325; x_wconf 90' lang='lat' dir='ltr'><strong>quia</strong></span> <span class='ocrx_word' id='word_1_115' title='bbox 748 1251 917 1335; x_wconf 70' lang='lat' dir='ltr'><strong>privilegium</strong></span> <span class='ocrx_word' id='word_1_116' title='bbox 952 1249 1042 1304; x_wconf 88' lang='lat' dir='ltr'><strong>stituti</strong></span> <span class='ocrx_word' id='word_1_117' title='bbox 1057 1248 1173 1320; x_wconf 83' lang='lat' dir='ltr'><strong>religiosi</strong></span> <span class='ocrx_word' id='word_1_118' title='bbox 1188 1248 1229 1303; x_wconf 88' lang='lat' dir='ltr'><strong>vel</strong></span> <span class='ocrx_word' id='word_1_119' title='bbox 1246 1247 1417 1318; x_wconf 88' lang='lat' dir='ltr'><strong>simpliciter,</strong></span> <span class='ocrx_word' id='word_1_120' title='bbox 1432 1247 1474 1302; x_wconf 85' lang='lat' dir='ltr'><strong>rel</strong></span> <span class='ocrx_word' id='word_1_121' title='bbox 1488 1255 1624 1318; x_wconf 86' lang='lat' dir='ltr'><strong>quatenus</strong></span> <span class='ocrx_word' id='word_1_122' title='bbox 1640 1246 1692 1303; x_wconf 93' lang='lat' dir='ltr'><strong>tale</strong></span> <span class='ocrx_word' id='word_1_123' title='bbox 1707 1247 1751 1303; x_wconf 84' lang='lat' dir='ltr'><strong>vel</strong></span> 
     </span>
     <span class='ocr_line' id='line_1_11' title="bbox 114 1335 1753 1416; baseline -0.006 -14"><span class='ocrx_word' id='word_1_124' title='bbox 114 1345 213 1402; x_wconf 83' lang='lat' dir='ltr'><strong>datum</strong></span> <span class='ocrx_word' id='word_1_125' title='bbox 228 1361 243 1401; x_wconf 91' lang='lat' dir='ltr'><strong>a</strong></span> <span class='ocrx_word' id='word_1_126' title='bbox 256 1345 387 1416; x_wconf 92' lang='lat' dir='ltr'><strong>principio</strong></span> <span class='ocrx_word' id='word_1_127' title='bbox 400 1361 464 1401; x_wconf 91' lang='lat' dir='ltr'><strong>curn</strong></span> <span class='ocrx_word' id='word_1_128' title='bbox 477 1344 659 1414; x_wconf 85' lang='lat' dir='ltr'><strong>restrictione,</strong></span> <span class='ocrx_word' id='word_1_129' title='bbox 672 1357 737 1398; x_wconf 90' lang='lat' dir='ltr'><strong>cnm</strong></span> <span class='ocrx_word' id='word_1_130' title='bbox 748 1339 841 1397; x_wconf 89' lang='lat' dir='ltr'><strong>eadem</strong></span> <span class='ocrx_word' id='word_1_131' title='bbox 855 1354 919 1410; x_wconf 91' lang='lat' dir='ltr'><strong>pro·</strong></span> <span class='ocrx_word' id='word_1_132' title='bbox 953 1337 1005 1393; x_wconf 91' lang='lat' dir='ltr'><strong>tale</strong></span> <span class='ocrx_word' id='word_1_133' title='bbox 1020 1343 1075 1408; x_wconf 88' lang='lat' dir='ltr'><strong>est,</strong></span> <span class='ocrx_word' id='word_1_134' title='bbox 1086 1353 1156 1410; x_wconf 86' lang='lat' dir='ltr'><strong>qnae</strong></span> <span class='ocrx_word' id='word_1_135' title='bbox 1172 1335 1309 1393; x_wconf 90' lang='lat' dir='ltr'><strong>interdum</strong></span> <span class='ocrx_word' id='word_1_136' title='bbox 1320 1335 1382 1392; x_wconf 87' lang='lat' dir='ltr'><strong>addi</strong></span> <span class='ocrx_word' id='word_1_137' title='bbox 1397 1336 1467 1392; x_wconf 90' lang='lat' dir='ltr'><strong>solet</strong></span> <span class='ocrx_word' id='word_1_138' title='bbox 1480 1336 1530 1392; x_wconf 90' lang='lat' dir='ltr'><strong>illis</strong></span> <span class='ocrx_word' id='word_1_139' title='bbox 1544 1338 1645 1392; x_wconf 86' lang='lat' dir='ltr'><strong>verbis:</strong></span> <span class='ocrx_word' id='word_1_140' title='bbox 1657 1340 1753 1392; x_wconf 75' lang='lat' dir='ltr'><strong>Dune-</strong></span> 
     </span>
     <span class='ocr_line' id='line_1_12' title="bbox 114 1424 1749 1507; baseline -0.007 -17"><span class='ocrx_word' id='word_1_141' title='bbox 114 1436 244 1507; x_wconf 91' lang='lat' dir='ltr'><strong>ponitur,</strong></span> <span class='ocrx_word' id='word_1_142' title='bbox 263 1442 296 1490; x_wconf 88' lang='lat' dir='ltr'><strong>ut</strong></span> <span class='ocrx_word' id='word_1_143' title='bbox 308 1433 447 1506; x_wconf 82' lang='lat' dir='ltr'><strong>exemplar</strong></span> <span class='ocrx_word' id='word_1_144' title='bbox 460 1434 585 1505; x_wconf 77' lang='lat' dir='ltr'><strong>atterius,</strong></span> <span class='ocrx_word' id='word_1_145' title='bbox 601 1434 666 1505; x_wconf 88' lang='lat' dir='ltr'><strong>quia</strong></span> <span class='ocrx_word' id='word_1_146' title='bbox 682 1447 712 1487; x_wconf 89' lang='lat' dir='ltr'><strong>re</strong></span> <span class='ocrx_word' id='word_1_147' title='bbox 726 1445 790 1487; x_wconf 85' lang='lat' dir='ltr'><strong>vera</strong></span> <span class='ocrx_word' id='word_1_148' title='bbox 805 1445 858 1485; x_wconf 89' lang='lat' dir='ltr'><strong>non</strong></span> <span class='ocrx_word' id='word_1_149' title='bbox 874 1436 918 1484; x_wconf 88' lang='lat' dir='ltr'><strong>est</strong></span> <span class='ocrx_word' id='word_1_150' title='bbox 952 1424 1040 1482; x_wconf 80' lang='lat' dir='ltr'><strong>niodo</strong></span> <span class='ocrx_word' id='word_1_151' title='bbox 1060 1425 1196 1498; x_wconf 78' lang='lat' dir='ltr'><strong>repulsuri</strong></span> <span class='ocrx_word' id='word_1_152' title='bbox 1211 1425 1415 1481; x_wconf 82' lang='lat' dir='ltr'><strong>observantiae</strong></span> <span class='ocrx_word' id='word_1_153' title='bbox 1429 1441 1488 1480; x_wconf 80' lang='lat' dir='ltr'><strong>nora</strong></span> <span class='ocrx_word' id='word_1_154' title='bbox 1505 1428 1566 1480; x_wconf 75' lang='lat' dir='ltr'><strong>stad</strong></span> <span class='ocrx_word' id='word_1_155' title='bbox 1583 1428 1749 1482; x_wconf 83' lang='lat' dir='ltr'><strong>contraria.</strong></span> 
     </span>
     <span class='ocr_line' id='line_1_13' title="bbox 114 1513 1753 1595; baseline -0.007 -16"><span class='ocrx_word' id='word_1_156' title='bbox 114 1523 232 1594; x_wconf 89' lang='lat' dir='ltr'><strong>datum,</strong></span> <span class='ocrx_word' id='word_1_157' title='bbox 246 1524 297 1578; x_wconf 90' lang='lat' dir='ltr'><strong>nisi</strong></span> <span class='ocrx_word' id='word_1_158' title='bbox 311 1526 338 1579; x_wconf 89' lang='lat' dir='ltr'><strong>in</strong></span> <span class='ocrx_word' id='word_1_159' title='bbox 352 1525 398 1580; x_wconf 88' lang='lat' dir='ltr'><strong>tali</strong></span> <span class='ocrx_word' id='word_1_160' title='bbox 412 1522 510 1595; x_wconf 85' lang='lat' dir='ltr'><strong>gradu,</strong></span> <span class='ocrx_word' id='word_1_161' title='bbox 527 1523 568 1579; x_wconf 86' lang='lat' dir='ltr'><strong>vel</strong></span> <span class='ocrx_word' id='word_1_162' title='bbox 583 1537 648 1579; x_wconf 91' lang='lat' dir='ltr'><strong>cum</strong></span> <span class='ocrx_word' id='word_1_163' title='bbox 664 1519 708 1577; x_wconf 92' lang='lat' dir='ltr'><strong>tali</strong></span> <span class='ocrx_word' id='word_1_164' title='bbox 723 1517 820 1590; x_wconf 90' lang='lat' dir='ltr'><strong>modo,</strong></span> <span class='ocrx_word' id='word_1_165' title='bbox 835 1518 918 1575; x_wconf 88' lang='lat' dir='ltr'><strong>etsie</strong></span> <span class='ocrx_word' id='word_1_166' title='bbox 953 1515 1028 1582; x_wconf 89' lang='lat' dir='ltr'><strong>Quae</strong></span> <span class='ocrx_word' id='word_1_167' title='bbox 1043 1515 1214 1588; x_wconf 79' lang='lat' dir='ltr'><strong>frequentius</strong></span> <span class='ocrx_word' id='word_1_168' title='bbox 1229 1513 1368 1570; x_wconf 89' lang='lat' dir='ltr'><strong>adduntur</strong></span> <span class='ocrx_word' id='word_1_169' title='bbox 1385 1516 1414 1568; x_wconf 89' lang='lat' dir='ltr'><strong>in</strong></span> <span class='ocrx_word' id='word_1_170' title='bbox 1435 1515 1684 1570; x_wconf 80' lang='lat' dir='ltr'><strong>communicatione</strong></span> <span class='ocrx_word' id='word_1_171' title='bbox 1698 1513 1753 1584; x_wconf 87' lang='lat' dir='ltr'><strong>pri·</strong></span> 
     </span>
     <span class='ocr_line' id='line_1_14' title="bbox 114 1603 1752 1685; baseline -0.006 -17"><span class='ocrx_word' id='word_1_172' title='bbox 114 1613 280 1684; x_wconf 85' lang='lat' dir='ltr'><strong>proponitur</strong></span> <span class='ocrx_word' id='word_1_173' title='bbox 299 1615 325 1669; x_wconf 93' lang='lat' dir='ltr'><strong>in</strong></span> <span class='ocrx_word' id='word_1_174' title='bbox 347 1611 500 1685; x_wconf 81' lang='lat' dir='ltr'><strong>exemplar,</strong></span> <span class='ocrx_word' id='word_1_175' title='bbox 516 1612 624 1685; x_wconf 87' lang='lat' dir='ltr'><strong>quando</strong></span> <span class='ocrx_word' id='word_1_176' title='bbox 645 1609 719 1666; x_wconf 91' lang='lat' dir='ltr'><strong>aliud</strong></span> <span class='ocrx_word' id='word_1_177' title='bbox 734 1607 815 1664; x_wconf 89' lang='lat' dir='ltr'><strong>datur</strong></span> <span class='ocrx_word' id='word_1_178' title='bbox 829 1607 863 1664; x_wconf 90' lang='lat' dir='ltr'><strong>ad</strong></span> <span class='ocrx_word' id='word_1_179' title='bbox 876 1609 918 1662; x_wconf 94' lang='lat' dir='ltr'><strong>in·</strong></span> <span class='ocrx_word' id='word_1_180' title='bbox 953 1605 1132 1676; x_wconf 88' lang='lat' dir='ltr'><strong>vilegiorum,</strong></span> <span class='ocrx_word' id='word_1_181' title='bbox 1148 1606 1212 1677; x_wconf 88' lang='lat' dir='ltr'><strong>quia</strong></span> <span class='ocrx_word' id='word_1_182' title='bbox 1225 1604 1343 1660; x_wconf 82' lang='lat' dir='ltr'><strong>tortasse</strong></span> <span class='ocrx_word' id='word_1_183' title='bbox 1359 1605 1386 1659; x_wconf 93' lang='lat' dir='ltr'><strong>in</strong></span> <span class='ocrx_word' id='word_1_184' title='bbox 1406 1603 1452 1658; x_wconf 88' lang='lat' dir='ltr'><strong>illa</strong></span> <span class='ocrx_word' id='word_1_185' title='bbox 1466 1611 1532 1659; x_wconf 87' lang='lat' dir='ltr'><strong>sunt</strong></span> <span class='ocrx_word' id='word_1_186' title='bbox 1554 1603 1641 1676; x_wconf 89' lang='lat' dir='ltr'><strong>magis</strong></span> <span class='ocrx_word' id='word_1_187' title='bbox 1656 1617 1752 1658; x_wconf 89' lang='lat' dir='ltr'><strong>neces-</strong></span> 
     </span>
     <span class='ocr_line' id='line_1_15' title="bbox 116 1691 1751 1776; baseline -0.007 -19"><span class='ocrx_word' id='word_1_188' title='bbox 116 1707 177 1758; x_wconf 90' lang='lat' dir='ltr'><strong>star</strong></span> <span class='ocrx_word' id='word_1_189' title='bbox 190 1701 277 1772; x_wconf 78' lang='lat' dir='ltr'><strong>illius3</strong></span> <span class='ocrx_word' id='word_1_190' title='bbox 292 1717 359 1776; x_wconf 90' lang='lat' dir='ltr'><strong>ergo</strong></span> <span class='ocrx_word' id='word_1_191' title='bbox 379 1702 422 1758; x_wconf 89' lang='lat' dir='ltr'><strong>illa</strong></span> <span class='ocrx_word' id='word_1_192' title='bbox 437 1702 572 1759; x_wconf 84' lang='lat' dir='ltr'><strong>restrictio</strong></span> <span class='ocrx_word' id='word_1_193' title='bbox 592 1697 748 1758; x_wconf 82' lang='lat' dir='ltr'><strong>necessario</strong></span> <span class='ocrx_word' id='word_1_194' title='bbox 767 1698 865 1755; x_wconf 89' lang='lat' dir='ltr'><strong>transit</strong></span> <span class='ocrx_word' id='word_1_195' title='bbox 884 1697 918 1754; x_wconf 90' lang='lat' dir='ltr'><strong>ad</strong></span> <span class='ocrx_word' id='word_1_196' title='bbox 953 1694 1037 1750; x_wconf 89' lang='lat' dir='ltr'><strong>saria:</strong></span> <span class='ocrx_word' id='word_1_197' title='bbox 1061 1699 1175 1763; x_wconf 87' lang='lat' dir='ltr'><strong>possent</strong></span> <span class='ocrx_word' id='word_1_198' title='bbox 1197 1698 1288 1748; x_wconf 91' lang='lat' dir='ltr'><strong>autem</strong></span> <span class='ocrx_word' id='word_1_199' title='bbox 1313 1693 1341 1747; x_wconf 92' lang='lat' dir='ltr'><strong>in</strong></span> <span class='ocrx_word' id='word_1_200' title='bbox 1368 1707 1546 1765; x_wconf 86' lang='lat' dir='ltr'><strong>quacumque</strong></span> <span class='ocrx_word' id='word_1_201' title='bbox 1572 1691 1751 1748; x_wconf 87' lang='lat' dir='ltr'><strong>concessione</strong></span> 
     </span>
     <span class='ocr_line' id='line_1_16' title="bbox 113 1781 1751 1862; baseline -0.007 -16"><span class='ocrx_word' id='word_1_202' title='bbox 113 1791 311 1862; x_wconf 81' lang='lat' dir='ltr'><strong>exemplatum.</strong></span> <span class='ocrx_word' id='word_1_203' title='bbox 334 1793 364 1847; x_wconf 89' lang='lat' dir='ltr'><strong>ln</strong></span> <span class='ocrx_word' id='word_1_204' title='bbox 384 1791 557 1848; x_wconf 83' lang='lat' dir='ltr'><strong>contrarium</strong></span> <span class='ocrx_word' id='word_1_205' title='bbox 577 1806 642 1846; x_wconf 86' lang='lat' dir='ltr'><strong>vero</strong></span> <span class='ocrx_word' id='word_1_206' title='bbox 663 1794 722 1859; x_wconf 89' lang='lat' dir='ltr'><strong>est,</strong></span> <span class='ocrx_word' id='word_1_207' title='bbox 741 1788 806 1861; x_wconf 88' lang='lat' dir='ltr'><strong>qula</strong></span> <span class='ocrx_word' id='word_1_208' title='bbox 824 1789 917 1844; x_wconf 87' lang='lat' dir='ltr'><strong>rostri·</strong></span> <span class='ocrx_word' id='word_1_209' title='bbox 952 1783 1080 1856; x_wconf 88' lang='lat' dir='ltr'><strong>adiungi,</strong></span> <span class='ocrx_word' id='word_1_210' title='bbox 1104 1781 1126 1838; x_wconf 90' lang='lat' dir='ltr'><strong>si</strong></span> <span class='ocrx_word' id='word_1_211' title='bbox 1140 1797 1173 1838; x_wconf 87' lang='lat' dir='ltr'><strong>ea</strong></span> <span class='ocrx_word' id='word_1_212' title='bbox 1189 1788 1300 1856; x_wconf 89' lang='lat' dir='ltr'><strong>tenore,</strong></span> <span class='ocrx_word' id='word_1_213' title='bbox 1321 1789 1349 1839; x_wconf 92' lang='lat' dir='ltr'><strong>et</strong></span> <span class='ocrx_word' id='word_1_214' title='bbox 1362 1781 1388 1837; x_wconf 90' lang='lat' dir='ltr'><strong>in</strong></span> <span class='ocrx_word' id='word_1_215' title='bbox 1402 1783 1454 1838; x_wconf 91' lang='lat' dir='ltr'><strong>line</strong></span> <span class='ocrx_word' id='word_1_216' title='bbox 1469 1781 1600 1854; x_wconf 83' lang='lat' dir='ltr'><strong>privilegii</strong></span> <span class='ocrx_word' id='word_1_217' title='bbox 1614 1797 1669 1837; x_wconf 91' lang='lat' dir='ltr'><strong>non</strong></span> <span class='ocrx_word' id='word_1_218' title='bbox 1683 1781 1751 1837; x_wconf 89' lang='lat' dir='ltr'><strong>satis</strong></span> 
     </span>
     <span class='ocr_line' id='line_1_17' title="bbox 113 1870 1753 1951; baseline -0.007 -15"><span class='ocrx_word' id='word_1_219' title='bbox 113 1880 172 1936; x_wconf 88' lang='lat' dir='ltr'><strong>etio</strong></span> <span class='ocrx_word' id='word_1_220' title='bbox 186 1879 276 1936; x_wconf 90' lang='lat' dir='ltr'><strong>addita</strong></span> <span class='ocrx_word' id='word_1_221' title='bbox 293 1881 319 1935; x_wconf 91' lang='lat' dir='ltr'><strong>in</strong></span> <span class='ocrx_word' id='word_1_222' title='bbox 335 1880 423 1951; x_wconf 89' lang='lat' dir='ltr'><strong>prima</strong></span> <span class='ocrx_word' id='word_1_223' title='bbox 437 1881 617 1938; x_wconf 88' lang='lat' dir='ltr'><strong>concessione</strong></span> <span class='ocrx_word' id='word_1_224' title='bbox 632 1883 763 1949; x_wconf 87' lang='lat' dir='ltr'><strong>respectu</strong></span> <span class='ocrx_word' id='word_1_225' title='bbox 777 1877 856 1949; x_wconf 85' lang='lat' dir='ltr'><strong>aius,</strong></span> <span class='ocrx_word' id='word_1_226' title='bbox 872 1877 918 1934; x_wconf 91' lang='lat' dir='ltr'><strong>cui</strong></span> <span class='ocrx_word' id='word_1_227' title='bbox 952 1878 1072 1930; x_wconf 88' lang='lat' dir='ltr'><strong>constet.</strong></span> <span class='ocrx_word' id='word_1_228' title='bbox 1082 1872 1133 1928; x_wconf 87' lang='lat' dir='ltr'><strong>Est</strong></span> <span class='ocrx_word' id='word_1_229' title='bbox 1145 1871 1217 1927; x_wconf 91' lang='lat' dir='ltr'><strong>enlm</strong></span> <span class='ocrx_word' id='word_1_230' title='bbox 1233 1870 1444 1940; x_wconf 86' lang='lat' dir='ltr'><strong>advertendum,</strong></span> <span class='ocrx_word' id='word_1_231' title='bbox 1457 1870 1566 1926; x_wconf 88' lang='lat' dir='ltr'><strong>duobus</strong></span> <span class='ocrx_word' id='word_1_232' title='bbox 1584 1870 1671 1927; x_wconf 89' lang='lat' dir='ltr'><strong>modis</strong></span> <span class='ocrx_word' id='word_1_233' title='bbox 1685 1886 1753 1926; x_wconf 92' lang='lat' dir='ltr'><strong>con·</strong></span> 
     </span>
     <span class='ocr_line' id='line_1_18' title="bbox 114 1959 1751 2042; baseline -0.005 -17"><span class='ocrx_word' id='word_1_234' title='bbox 114 1969 191 2025; x_wconf 90' lang='lat' dir='ltr'><strong>lacta</strong></span> <span class='ocrx_word' id='word_1_235' title='bbox 204 1976 263 2042; x_wconf 88' lang='lat' dir='ltr'><strong>est,</strong></span> <span class='ocrx_word' id='word_1_236' title='bbox 279 1986 332 2026; x_wconf 94' lang='lat' dir='ltr'><strong>non</strong></span> <span class='ocrx_word' id='word_1_237' title='bbox 346 1984 455 2042; x_wconf 88' lang='lat' dir='ltr'><strong>semper</strong></span> <span class='ocrx_word' id='word_1_238' title='bbox 470 1984 557 2041; x_wconf 84' lang='lat' dir='ltr'><strong>aeque</strong></span> <span class='ocrx_word' id='word_1_239' title='bbox 571 1975 620 2025; x_wconf 90' lang='lat' dir='ltr'><strong>ant</strong></span> <span class='ocrx_word' id='word_1_240' title='bbox 637 1968 706 2024; x_wconf 90' lang='lat' dir='ltr'><strong>bone</strong></span> <span class='ocrx_word' id='word_1_241' title='bbox 725 1966 918 2024; x_wconf 89' lang='lat' dir='ltr'><strong>accommoda·</strong></span> <span class='ocrx_word' id='word_1_242' title='bbox 952 1961 1013 2020; x_wconf 87' lang='lat' dir='ltr'><strong>cedi</strong></span> <span class='ocrx_word' id='word_1_243' title='bbox 1031 1961 1170 2034; x_wconf 76' lang='lat' dir='ltr'><strong>privilegia</strong></span> <span class='ocrx_word' id='word_1_244' title='bbox 1188 1960 1379 2034; x_wconf 80' lang='lat' dir='ltr'><strong>religionibus:</strong></span> <span class='ocrx_word' id='word_1_245' title='bbox 1396 1975 1450 2030; x_wconf 83' lang='lat' dir='ltr'><strong>uno</strong></span> <span class='ocrx_word' id='word_1_246' title='bbox 1470 1959 1552 2016; x_wconf 92' lang='lat' dir='ltr'><strong>modo</strong></span> <span class='ocrx_word' id='word_1_247' title='bbox 1568 1975 1616 2032; x_wconf 91' lang='lat' dir='ltr'><strong>per</strong></span> <span class='ocrx_word' id='word_1_248' title='bbox 1637 1959 1751 2017; x_wconf 90' lang='lat' dir='ltr'><strong>modum</strong></span> 
     </span>
     <span class='ocr_line' id='line_1_19' title="bbox 113 2049 1750 2134; baseline -0.007 -18"><span class='ocrx_word' id='word_1_249' title='bbox 113 2066 163 2116; x_wconf 91' lang='lat' dir='ltr'><strong>tur</strong></span> <span class='ocrx_word' id='word_1_250' title='bbox 182 2060 275 2132; x_wconf 91' lang='lat' dir='ltr'><strong>alteri,</strong></span> <span class='ocrx_word' id='word_1_251' title='bbox 297 2062 343 2116; x_wconf 93' lang='lat' dir='ltr'><strong>cui</strong></span> <span class='ocrx_word' id='word_1_252' title='bbox 364 2060 416 2117; x_wconf 89' lang='lat' dir='ltr'><strong>tale</strong></span> <span class='ocrx_word' id='word_1_253' title='bbox 437 2059 606 2132; x_wconf 82' lang='lat' dir='ltr'><strong>privilegium</strong></span> <span class='ocrx_word' id='word_1_254' title='bbox 627 2073 676 2130; x_wconf 89' lang='lat' dir='ltr'><strong>par</strong></span> <span class='ocrx_word' id='word_1_255' title='bbox 690 2057 925 2114; x_wconf 75' lang='lat' dir='ltr'><strong>communicatio·</strong></span> <span class='ocrx_word' id='word_1_256' title='bbox 951 2051 1214 2134; x_wconf 35' lang='lat' dir='ltr'><strong>relaxationis,&#39;seu</strong></span> <span class='ocrx_word' id='word_1_257' title='bbox 1235 2051 1460 2124; x_wconf 89' lang='lat' dir='ltr'><strong>dispensationis,</strong></span> <span class='ocrx_word' id='word_1_258' title='bbox 1482 2049 1525 2108; x_wconf 84' lang='lat' dir='ltr'><strong>rel</strong></span> <span class='ocrx_word' id='word_1_259' title='bbox 1545 2049 1678 2122; x_wconf 88' lang='lat' dir='ltr'><strong>generalis</strong></span> <span class='ocrx_word' id='word_1_260' title='bbox 1700 2064 1750 2121; x_wconf 90' lang='lat' dir='ltr'><strong>pro</strong></span> 
     </span>
     <span class='ocr_line' id='line_1_20' title="bbox 113 2138 1750 2222; baseline -0.006 -18"><span class='ocrx_word' id='word_1_261' title='bbox 113 2165 180 2205; x_wconf 89' lang='lat' dir='ltr'><strong>nem</strong></span> <span class='ocrx_word' id='word_1_262' title='bbox 193 2143 359 2205; x_wconf 88' lang='lat' dir='ltr'><strong>conoessum</strong></span> <span class='ocrx_word' id='word_1_263' title='bbox 373 2155 434 2221; x_wconf 68' lang='lat' dir='ltr'><strong>est,</strong></span> <span class='ocrx_word' id='word_1_264' title='bbox 444 2164 511 2222; x_wconf 88' lang='lat' dir='ltr'><strong>ergo</strong></span> <span class='ocrx_word' id='word_1_265' title='bbox 526 2163 579 2205; x_wconf 92' lang='lat' dir='ltr'><strong>non</strong></span> <span class='ocrx_word' id='word_1_266' title='bbox 594 2155 637 2203; x_wconf 87' lang='lat' dir='ltr'><strong>est</strong></span> <span class='ocrx_word' id='word_1_267' title='bbox 650 2144 808 2218; x_wconf 86' lang='lat' dir='ltr'><strong>verisimile,</strong></span> <span class='ocrx_word' id='word_1_268' title='bbox 825 2145 917 2201; x_wconf 90' lang='lat' dir='ltr'><strong>restri·</strong></span> <span class='ocrx_word' id='word_1_269' title='bbox 953 2148 1010 2200; x_wconf 89' lang='lat' dir='ltr'><strong>tota</strong></span> <span class='ocrx_word' id='word_1_270' title='bbox 1024 2141 1167 2215; x_wconf 89' lang='lat' dir='ltr'><strong>religione,</strong></span> <span class='ocrx_word' id='word_1_271' title='bbox 1183 2139 1225 2196; x_wconf 83' lang='lat' dir='ltr'><strong>rel</strong></span> <span class='ocrx_word' id='word_1_272' title='bbox 1240 2139 1412 2213; x_wconf 88' lang='lat' dir='ltr'><strong>particularis</strong></span> <span class='ocrx_word' id='word_1_273' title='bbox 1426 2157 1476 2214; x_wconf 94' lang='lat' dir='ltr'><strong>pro</strong></span> <span class='ocrx_word' id='word_1_274' title='bbox 1490 2142 1582 2213; x_wconf 85' lang='lat' dir='ltr'><strong>aliqua</strong></span> <span class='ocrx_word' id='word_1_275' title='bbox 1597 2138 1750 2211; x_wconf 83' lang='lat' dir='ltr'><strong>provincia,</strong></span> 
     </span>
     <span class='ocr_line' id='line_1_21' title="bbox 114 2228 1754 2308; baseline -0.006 -14"><span class='ocrx_word' id='word_1_276' title='bbox 114 2237 234 2295; x_wconf 89' lang='lat' dir='ltr'><strong>ctionem</strong></span> <span class='ocrx_word' id='word_1_277' title='bbox 255 2240 337 2295; x_wconf 89' lang='lat' dir='ltr'><strong>etiam</strong></span> <span class='ocrx_word' id='word_1_278' title='bbox 357 2239 575 2308; x_wconf 86' lang='lat' dir='ltr'><strong>communicari,</strong></span> <span class='ocrx_word' id='word_1_279' title='bbox 591 2243 624 2293; x_wconf 91' lang='lat' dir='ltr'><strong>ut</strong></span> <span class='ocrx_word' id='word_1_280' title='bbox 636 2253 663 2290; x_wconf 88' lang='lat' dir='ltr'><strong>v.</strong></span> <span class='ocrx_word' id='word_1_281' title='bbox 680 2253 708 2308; x_wconf 85' lang='lat' dir='ltr'><strong>g.</strong></span> <span class='ocrx_word' id='word_1_282' title='bbox 725 2235 917 2292; x_wconf 88' lang='lat' dir='ltr'><strong>conceduntur</strong></span> <span class='ocrx_word' id='word_1_283' title='bbox 952 2239 1001 2291; x_wconf 88' lang='lat' dir='ltr'><strong>aut</strong></span> <span class='ocrx_word' id='word_1_284' title='bbox 1016 2232 1098 2289; x_wconf 89' lang='lat' dir='ltr'><strong>domo</strong></span> <span class='ocrx_word' id='word_1_285' title='bbox 1115 2232 1141 2287; x_wconf 91' lang='lat' dir='ltr'><strong>in</strong></span> <span class='ocrx_word' id='word_1_286' title='bbox 1157 2230 1248 2302; x_wconf 85' lang='lat' dir='ltr'><strong>aliqua</strong></span> <span class='ocrx_word' id='word_1_287' title='bbox 1262 2229 1433 2286; x_wconf 87' lang='lat' dir='ltr'><strong>observantia</strong></span> <span class='ocrx_word' id='word_1_288' title='bbox 1445 2233 1581 2305; x_wconf 87' lang='lat' dir='ltr'><strong>rigoroso.</strong></span> <span class='ocrx_word' id='word_1_289' title='bbox 1595 2228 1672 2285; x_wconf 88' lang='lat' dir='ltr'><strong>Tales</strong></span> <span class='ocrx_word' id='word_1_290' title='bbox 1687 2235 1754 2284; x_wconf 88' lang='lat' dir='ltr'><strong>sunt</strong></span> 
     </span>
     <span class='ocr_line' id='line_1_22' title="bbox 113 2316 1759 2400; baseline -0.007 -17"><span class='ocrx_word' id='word_1_291' title='bbox 113 2327 246 2383; x_wconf 85' lang='lat' dir='ltr'><strong>societati</strong></span> <span class='ocrx_word' id='word_1_292' title='bbox 263 2343 313 2383; x_wconf 88' lang='lat' dir='ltr'><strong>sua</strong></span> <span class='ocrx_word' id='word_1_293' title='bbox 324 2327 464 2400; x_wconf 87' lang='lat' dir='ltr'><strong>privilegia</strong></span> <span class='ocrx_word' id='word_1_294' title='bbox 475 2342 540 2383; x_wconf 84' lang='lat' dir='ltr'><strong>cuna</strong></span> <span class='ocrx_word' id='word_1_295' title='bbox 555 2326 607 2382; x_wconf 88' lang='lat' dir='ltr'><strong>hac</strong></span> <span class='ocrx_word' id='word_1_296' title='bbox 618 2324 805 2395; x_wconf 79' lang='lat' dir='ltr'><strong>restrictione,</strong></span> <span class='ocrx_word' id='word_1_297' title='bbox 821 2331 852 2380; x_wconf 93' lang='lat' dir='ltr'><strong>ut</strong></span> <span class='ocrx_word' id='word_1_298' title='bbox 863 2325 915 2382; x_wconf 88' lang='lat' dir='ltr'><strong>sin·</strong></span> <span class='ocrx_word' id='word_1_299' title='bbox 952 2323 1149 2379; x_wconf 89' lang='lat' dir='ltr'><strong>concessiones</strong></span> <span class='ocrx_word' id='word_1_300' title='bbox 1161 2320 1250 2376; x_wconf 87' lang='lat' dir='ltr'><strong>tactae</strong></span> <span class='ocrx_word' id='word_1_301' title='bbox 1262 2318 1398 2392; x_wconf 83' lang='lat' dir='ltr'><strong>aliquibus</strong></span> <span class='ocrx_word' id='word_1_302' title='bbox 1409 2318 1584 2392; x_wconf 74' lang='lat' dir='ltr'><strong>religionibus</strong></span> <span class='ocrx_word' id='word_1_303' title='bbox 1595 2316 1759 2373; x_wconf 76' lang='lat' dir='ltr'><strong>mendican·&#39;</strong></span> 
     </span>
     <span class='ocr_line' id='line_1_23' title="bbox 113 2406 1752 2488; baseline -0.005 -18"><span class='ocrx_word' id='word_1_304' title='bbox 113 2415 174 2488; x_wconf 90' lang='lat' dir='ltr'><strong>guli</strong></span> <span class='ocrx_word' id='word_1_305' title='bbox 188 2415 307 2488; x_wconf 79' lang='lat' dir='ltr'><strong>religiosi</strong></span> <span class='ocrx_word' id='word_1_306' title='bbox 321 2413 371 2471; x_wconf 90' lang='lat' dir='ltr'><strong>illis</strong></span> <span class='ocrx_word' id='word_1_307' title='bbox 383 2417 422 2472; x_wconf 92' lang='lat' dir='ltr'><strong>uti</strong></span> <span class='ocrx_word' id='word_1_308' title='bbox 433 2431 488 2472; x_wconf 92' lang='lat' dir='ltr'><strong>non</strong></span> <span class='ocrx_word' id='word_1_309' title='bbox 502 2415 618 2486; x_wconf 87' lang='lat' dir='ltr'><strong>possint,</strong></span> <span class='ocrx_word' id='word_1_310' title='bbox 629 2414 680 2470; x_wconf 89' lang='lat' dir='ltr'><strong>nisi</strong></span> <span class='ocrx_word' id='word_1_311' title='bbox 695 2428 744 2484; x_wconf 88' lang='lat' dir='ltr'><strong>per</strong></span> <span class='ocrx_word' id='word_1_312' title='bbox 757 2420 841 2485; x_wconf 90' lang='lat' dir='ltr'><strong>caput</strong></span> <span class='ocrx_word' id='word_1_313' title='bbox 854 2429 919 2484; x_wconf 89' lang='lat' dir='ltr'><strong>pro·</strong></span> <span class='ocrx_word' id='word_1_314' title='bbox 952 2411 1038 2482; x_wconf 77' lang='lat' dir='ltr'><strong>bum,</strong></span> <span class='ocrx_word' id='word_1_315' title='bbox 1062 2411 1183 2466; x_wconf 86' lang='lat' dir='ltr'><strong>virorum</strong></span> <span class='ocrx_word' id='word_1_316' title='bbox 1203 2407 1247 2464; x_wconf 81' lang='lat' dir='ltr'><strong>vel</strong></span> <span class='ocrx_word' id='word_1_317' title='bbox 1268 2407 1448 2475; x_wconf 80' lang='lat' dir='ltr'><strong>seminarum,</strong></span> <span class='ocrx_word' id='word_1_318' title='bbox 1465 2408 1499 2466; x_wconf 90' lang='lat' dir='ltr'><strong>ad</strong></span> <span class='ocrx_word' id='word_1_319' title='bbox 1513 2406 1668 2463; x_wconf 90' lang='lat' dir='ltr'><strong>babendum</strong></span> <span class='ocrx_word' id='word_1_320' title='bbox 1687 2421 1752 2477; x_wconf 92' lang='lat' dir='ltr'><strong>pro·</strong></span> 
     </span>
     <span class='ocr_line' id='line_1_24' title="bbox 113 2495 1751 2577; baseline -0.004 -20"><span class='ocrx_word' id='word_1_321' title='bbox 113 2503 219 2558; x_wconf 83' lang='lat' dir='ltr'><strong>almum</strong></span> <span class='ocrx_word' id='word_1_322' title='bbox 242 2503 328 2560; x_wconf 88' lang='lat' dir='ltr'><strong>totius</strong></span> <span class='ocrx_word' id='word_1_323' title='bbox 348 2504 500 2577; x_wconf 88' lang='lat' dir='ltr'><strong>religionis,</strong></span> <span class='ocrx_word' id='word_1_324' title='bbox 516 2501 590 2575; x_wconf 88' lang='lat' dir='ltr'><strong>quod</strong></span> <span class='ocrx_word' id='word_1_325' title='bbox 610 2507 652 2558; x_wconf 90' lang='lat' dir='ltr'><strong>est</strong></span> <span class='ocrx_word' id='word_1_326' title='bbox 669 2501 820 2570; x_wconf 85' lang='lat' dir='ltr'><strong>Generalis,</strong></span> <span class='ocrx_word' id='word_1_327' title='bbox 836 2501 919 2559; x_wconf 91' lang='lat' dir='ltr'><strong>idest</strong></span> <span class='ocrx_word' id='word_1_328' title='bbox 953 2503 1042 2573; x_wconf 88' lang='lat' dir='ltr'><strong>prium</strong></span> <span class='ocrx_word' id='word_1_329' title='bbox 1053 2499 1080 2554; x_wconf 92' lang='lat' dir='ltr'><strong>in</strong></span> <span class='ocrx_word' id='word_1_330' title='bbox 1095 2498 1246 2570; x_wconf 91' lang='lat' dir='ltr'><strong>communi,</strong></span> <span class='ocrx_word' id='word_1_331' title='bbox 1258 2505 1286 2553; x_wconf 90' lang='lat' dir='ltr'><strong>et</strong></span> <span class='ocrx_word' id='word_1_332' title='bbox 1300 2496 1387 2554; x_wconf 87' lang='lat' dir='ltr'><strong>iactae</strong></span> <span class='ocrx_word' id='word_1_333' title='bbox 1399 2497 1573 2570; x_wconf 89' lang='lat' dir='ltr'><strong>religionibus</strong></span> <span class='ocrx_word' id='word_1_334' title='bbox 1589 2495 1751 2551; x_wconf 87' lang='lat' dir='ltr'><strong>militaribus</strong></span> 
     </span>
     <span class='ocr_line' id='line_1_25' title="bbox 113 2583 1751 2664; baseline -0.004 -18"><span class='ocrx_word' id='word_1_335' title='bbox 113 2607 166 2662; x_wconf 92' lang='lat' dir='ltr'><strong>per</strong></span> <span class='ocrx_word' id='word_1_336' title='bbox 189 2591 395 2663; x_wconf 88' lang='lat' dir='ltr'><strong>applicationem</strong></span> <span class='ocrx_word' id='word_1_337' title='bbox 413 2599 442 2648; x_wconf 91' lang='lat' dir='ltr'><strong>et</strong></span> <span class='ocrx_word' id='word_1_338' title='bbox 456 2606 625 2649; x_wconf 87' lang='lat' dir='ltr'><strong>consensum</strong></span> <span class='ocrx_word' id='word_1_339' title='bbox 638 2592 707 2647; x_wconf 90' lang='lat' dir='ltr'><strong>eius.</strong></span> <span class='ocrx_word' id='word_1_340' title='bbox 724 2590 838 2660; x_wconf 84' lang='lat' dir='ltr'><strong>Quando</strong></span> <span class='ocrx_word' id='word_1_341' title='bbox 851 2607 918 2664; x_wconf 87' lang='lat' dir='ltr'><strong>ergo</strong></span> <span class='ocrx_word' id='word_1_342' title='bbox 953 2589 987 2646; x_wconf 91' lang='lat' dir='ltr'><strong>ad</strong></span> <span class='ocrx_word' id='word_1_343' title='bbox 1008 2586 1395 2653; x_wconf 88' lang='lat' dir='ltr'><strong>contrahendamatrimonia,</strong></span> <span class='ocrx_word' id='word_1_344' title='bbox 1415 2593 1444 2644; x_wconf 90' lang='lat' dir='ltr'><strong>et</strong></span> <span class='ocrx_word' id='word_1_345' title='bbox 1466 2585 1572 2645; x_wconf 86' lang='lat' dir='ltr'><strong>similia.</strong></span> <span class='ocrx_word' id='word_1_346' title='bbox 1589 2584 1648 2641; x_wconf 78' lang='lat' dir='ltr'><strong>Alio</strong></span> <span class='ocrx_word' id='word_1_347' title='bbox 1670 2583 1751 2640; x_wconf 90' lang='lat' dir='ltr'><strong>modo</strong></span> 
     </span>
     <span class='ocr_line' id='line_1_26' title="bbox 114 2673 1755 2754; baseline -0.004 -18"><span class='ocrx_word' id='word_1_348' title='bbox 114 2681 185 2736; x_wconf 88' lang='lat' dir='ltr'><strong>haec</strong></span> <span class='ocrx_word' id='word_1_349' title='bbox 214 2680 353 2754; x_wconf 86' lang='lat' dir='ltr'><strong>privilegia</strong></span> <span class='ocrx_word' id='word_1_350' title='bbox 377 2681 435 2738; x_wconf 90' lang='lat' dir='ltr'><strong>aliis</strong></span> <span class='ocrx_word' id='word_1_351' title='bbox 460 2680 636 2754; x_wconf 89' lang='lat' dir='ltr'><strong>religionibus</strong></span> <span class='ocrx_word' id='word_1_352' title='bbox 665 2682 917 2752; x_wconf 87' lang='lat' dir='ltr'><strong>communicantur,</strong></span> <span class='ocrx_word' id='word_1_353' title='bbox 953 2675 1300 2750; x_wconf 84' lang='lat' dir='ltr'><strong>concedunturpririlegia</strong></span> <span class='ocrx_word' id='word_1_354' title='bbox 1318 2675 1495 2748; x_wconf 90' lang='lat' dir='ltr'><strong>religionibus</strong></span> <span class='ocrx_word' id='word_1_355' title='bbox 1515 2673 1549 2731; x_wconf 91' lang='lat' dir='ltr'><strong>ad</strong></span> <span class='ocrx_word' id='word_1_356' title='bbox 1571 2673 1755 2730; x_wconf 81' lang='lat' dir='ltr'><strong>lavoremea·</strong></span> 
     </span>
     <span class='ocr_line' id='line_1_27' title="bbox 112 2763 1753 2842; baseline -0.004 -18"><span class='ocrx_word' id='word_1_357' title='bbox 112 2785 169 2825; x_wconf 90' lang='lat' dir='ltr'><strong>non</strong></span> <span class='ocrx_word' id='word_1_358' title='bbox 183 2777 227 2826; x_wconf 90' lang='lat' dir='ltr'><strong>est</strong></span> <span class='ocrx_word' id='word_1_359' title='bbox 238 2769 392 2838; x_wconf 80' lang='lat' dir='ltr'><strong>verisimile,</strong></span> <span class='ocrx_word' id='word_1_360' title='bbox 406 2771 606 2827; x_wconf 90' lang='lat' dir='ltr'><strong>restrictionem</strong></span> <span class='ocrx_word' id='word_1_361' title='bbox 619 2769 693 2826; x_wconf 89' lang='lat' dir='ltr'><strong>illam</strong></span> <span class='ocrx_word' id='word_1_362' title='bbox 709 2769 916 2840; x_wconf 88' lang='lat' dir='ltr'><strong>communicari,</strong></span> <span class='ocrx_word' id='word_1_363' title='bbox 953 2785 1026 2842; x_wconf 90' lang='lat' dir='ltr'><strong>ram,</strong></span> <span class='ocrx_word' id='word_1_364' title='bbox 1045 2768 1086 2825; x_wconf 88' lang='lat' dir='ltr'><strong>vel</strong></span> <span class='ocrx_word' id='word_1_365' title='bbox 1100 2775 1133 2825; x_wconf 89' lang='lat' dir='ltr'><strong>ut</strong></span> <span class='ocrx_word' id='word_1_366' title='bbox 1147 2766 1254 2823; x_wconf 87' lang='lat' dir='ltr'><strong>lacilius</strong></span> <span class='ocrx_word' id='word_1_367' title='bbox 1269 2765 1374 2836; x_wconf 86' lang='lat' dir='ltr'><strong>possint</strong></span> <span class='ocrx_word' id='word_1_368' title='bbox 1388 2764 1429 2821; x_wconf 86' lang='lat' dir='ltr'><strong>rel</strong></span> <span class='ocrx_word' id='word_1_369' title='bbox 1445 2763 1630 2835; x_wconf 88' lang='lat' dir='ltr'><strong>temporaliter</strong></span> <span class='ocrx_word' id='word_1_370' title='bbox 1644 2771 1753 2820; x_wconf 90' lang='lat' dir='ltr'><strong>susten-</strong></span> 
     </span>
     <span class='ocr_line' id='line_1_28' title="bbox 115 2851 1754 2931; baseline -0.004 -17"><span class='ocrx_word' id='word_1_371' title='bbox 115 2873 189 2930; x_wconf 87' lang='lat' dir='ltr'><strong>quae</strong></span> <span class='ocrx_word' id='word_1_372' title='bbox 209 2874 264 2914; x_wconf 91' lang='lat' dir='ltr'><strong>non</strong></span> <span class='ocrx_word' id='word_1_373' title='bbox 285 2865 328 2914; x_wconf 87' lang='lat' dir='ltr'><strong>est</strong></span> <span class='ocrx_word' id='word_1_374' title='bbox 347 2859 537 2930; x_wconf 87' lang='lat' dir='ltr'><strong>gubernationi</strong></span> <span class='ocrx_word' id='word_1_375' title='bbox 557 2859 672 2915; x_wconf 90' lang='lat' dir='ltr'><strong>aliarum</strong></span> <span class='ocrx_word' id='word_1_376' title='bbox 690 2857 852 2931; x_wconf 87' lang='lat' dir='ltr'><strong>religionum</strong></span> <span class='ocrx_word' id='word_1_377' title='bbox 873 2873 919 2914; x_wconf 89' lang='lat' dir='ltr'><strong>ac·</strong></span> <span class='ocrx_word' id='word_1_378' title='bbox 954 2859 1014 2931; x_wconf 91' lang='lat' dir='ltr'><strong>tari,</strong></span> <span class='ocrx_word' id='word_1_379' title='bbox 1026 2857 1068 2914; x_wconf 79' lang='lat' dir='ltr'><strong>vel</strong></span> <span class='ocrx_word' id='word_1_380' title='bbox 1083 2855 1259 2930; x_wconf 87' lang='lat' dir='ltr'><strong>spiritualiter</strong></span> <span class='ocrx_word' id='word_1_381' title='bbox 1274 2853 1393 2926; x_wconf 68' lang='lat' dir='ltr'><strong>operari,</strong></span> <span class='ocrx_word' id='word_1_382' title='bbox 1406 2869 1477 2926; x_wconf 81' lang='lat' dir='ltr'><strong>quae</strong></span> <span class='ocrx_word' id='word_1_383' title='bbox 1488 2851 1629 2926; x_wconf 83' lang='lat' dir='ltr'><strong>priuilegia</strong></span> <span class='ocrx_word' id='word_1_384' title='bbox 1642 2867 1695 2908; x_wconf 91' lang='lat' dir='ltr'><strong>non</strong></span> <span class='ocrx_word' id='word_1_385' title='bbox 1709 2868 1754 2908; x_wconf 92' lang='lat' dir='ltr'><strong>re·</strong></span> 
     </span>
     <span class='ocr_line' id='line_1_29' title="bbox 114 2941 1752 3020; baseline -0.002 -18"><span class='ocrx_word' id='word_1_386' title='bbox 114 2946 302 3003; x_wconf 89' lang='lat' dir='ltr'><strong>commodata.</strong></span> <span class='ocrx_word' id='word_1_387' title='bbox 322 2947 449 3003; x_wconf 90' lang='lat' dir='ltr'><strong>Similiter</strong></span> <span class='ocrx_word' id='word_1_388' title='bbox 468 2947 662 3005; x_wconf 87' lang='lat' dir='ltr'><strong>conceduntur</strong></span> <span class='ocrx_word' id='word_1_389' title='bbox 681 2949 808 3005; x_wconf 83' lang='lat' dir='ltr'><strong>societati</strong></span> <span class='ocrx_word' id='word_1_390' title='bbox 828 2948 918 3020; x_wconf 90' lang='lat' dir='ltr'><strong>aliqua</strong></span> <span class='ocrx_word' id='word_1_391' title='bbox 953 2947 1046 3004; x_wconf 81' lang='lat' dir='ltr'><strong>laxant</strong></span> <span class='ocrx_word' id='word_1_392' title='bbox 1059 2947 1214 3019; x_wconf 89' lang='lat' dir='ltr'><strong>religiones,</strong></span> <span class='ocrx_word' id='word_1_393' title='bbox 1228 2942 1276 3001; x_wconf 91' lang='lat' dir='ltr'><strong>sed</strong></span> <span class='ocrx_word' id='word_1_394' title='bbox 1290 2943 1323 3000; x_wconf 91' lang='lat' dir='ltr'><strong>de</strong></span> <span class='ocrx_word' id='word_1_395' title='bbox 1336 2960 1365 3000; x_wconf 89' lang='lat' dir='ltr'><strong>sa</strong></span> <span class='ocrx_word' id='word_1_396' title='bbox 1379 2945 1470 3015; x_wconf 89' lang='lat' dir='ltr'><strong>potins</strong></span> <span class='ocrx_word' id='word_1_397' title='bbox 1485 2941 1601 2999; x_wconf 91' lang='lat' dir='ltr'><strong>tendunt</strong></span> <span class='ocrx_word' id='word_1_398' title='bbox 1612 2941 1646 2998; x_wconf 93' lang='lat' dir='ltr'><strong>ad</strong></span> <span class='ocrx_word' id='word_1_399' title='bbox 1661 2942 1752 2999; x_wconf 87' lang='lat' dir='ltr'><strong>loron-</strong></span> 
     </span>
     <span class='ocr_line' id='line_1_30' title="bbox 114 3031 1753 3109; baseline -0.002 -18"><span class='ocrx_word' id='word_1_400' title='bbox 114 3035 257 3108; x_wconf 85' lang='lat' dir='ltr'><strong>pririlegia</strong></span> <span class='ocrx_word' id='word_1_401' title='bbox 271 3051 335 3092; x_wconf 93' lang='lat' dir='ltr'><strong>cum</strong></span> <span class='ocrx_word' id='word_1_402' title='bbox 356 3036 407 3092; x_wconf 90' lang='lat' dir='ltr'><strong>bac</strong></span> <span class='ocrx_word' id='word_1_403' title='bbox 421 3037 614 3106; x_wconf 89' lang='lat' dir='ltr'><strong>restrictione,</strong></span> <span class='ocrx_word' id='word_1_404' title='bbox 634 3044 666 3093; x_wconf 92' lang='lat' dir='ltr'><strong>ut</strong></span> <span class='ocrx_word' id='word_1_405' title='bbox 685 3037 752 3093; x_wconf 90' lang='lat' dir='ltr'><strong>aliae</strong></span> <span class='ocrx_word' id='word_1_406' title='bbox 774 3037 919 3109; x_wconf 87' lang='lat' dir='ltr'><strong>religiones</strong></span> <span class='ocrx_word' id='word_1_407' title='bbox 953 3037 1016 3094; x_wconf 88' lang='lat' dir='ltr'><strong>darn</strong></span> <span class='ocrx_word' id='word_1_408' title='bbox 1032 3036 1236 3109; x_wconf 87' lang='lat' dir='ltr'><strong>perlectionem,</strong></span> <span class='ocrx_word' id='word_1_409' title='bbox 1249 3041 1277 3090; x_wconf 91' lang='lat' dir='ltr'><strong>et</strong></span> <span class='ocrx_word' id='word_1_410' title='bbox 1290 3033 1508 3090; x_wconf 81' lang='lat' dir='ltr'><strong>conservandam</strong></span> <span class='ocrx_word' id='word_1_411' title='bbox 1522 3031 1694 3104; x_wconf 87' lang='lat' dir='ltr'><strong>disciplinam</strong></span> <span class='ocrx_word' id='word_1_412' title='bbox 1709 3048 1753 3088; x_wconf 91' lang='lat' dir='ltr'><strong>re·</strong></span> 
     </span>
     <span class='ocr_line' id='line_1_31' title="bbox 113 3121 1835 3200; baseline -0.002 -20"><span class='ocrx_word' id='word_1_413' title='bbox 113 3124 169 3180; x_wconf 89' lang='lat' dir='ltr'><strong>illis</strong></span> <span class='ocrx_word' id='word_1_414' title='bbox 185 3124 225 3181; x_wconf 87' lang='lat' dir='ltr'><strong>uti</strong></span> <span class='ocrx_word' id='word_1_415' title='bbox 240 3140 294 3181; x_wconf 90' lang='lat' dir='ltr'><strong>non</strong></span> <span class='ocrx_word' id='word_1_416' title='bbox 307 3128 413 3195; x_wconf 89' lang='lat' dir='ltr'><strong>possint</strong></span> <span class='ocrx_word' id='word_1_417' title='bbox 425 3127 554 3196; x_wconf 79' lang='lat' dir='ltr'><strong>persiam</strong></span> <span class='ocrx_word' id='word_1_418' title='bbox 566 3126 833 3196; x_wconf 76' lang='lat' dir='ltr'><strong>communicationis,</strong></span> <span class='ocrx_word' id='word_1_419' title='bbox 850 3125 917 3182; x_wconf 91' lang='lat' dir='ltr'><strong>aliae</strong></span> <span class='ocrx_word' id='word_1_420' title='bbox 952 3125 1086 3200; x_wconf 89' lang='lat' dir='ltr'><strong>ligiosam.</strong></span> <span class='ocrx_word' id='word_1_421' title='bbox 1103 3127 1138 3181; x_wconf 86' lang='lat' dir='ltr'><strong>Et</strong></span> <span class='ocrx_word' id='word_1_422' title='bbox 1151 3123 1195 3181; x_wconf 89' lang='lat' dir='ltr'><strong>hic</strong></span> <span class='ocrx_word' id='word_1_423' title='bbox 1210 3121 1308 3180; x_wconf 87' lang='lat' dir='ltr'><strong>modus</strong></span> <span class='ocrx_word' id='word_1_424' title='bbox 1323 3123 1409 3195; x_wconf 88' lang='lat' dir='ltr'><strong>magis</strong></span> <span class='ocrx_word' id='word_1_425' title='bbox 1423 3128 1467 3178; x_wconf 91' lang='lat' dir='ltr'><strong>est</strong></span> <span class='ocrx_word' id='word_1_426' title='bbox 1480 3123 1610 3192; x_wconf 87' lang='lat' dir='ltr'><strong>usitatos,</strong></span> <span class='ocrx_word' id='word_1_427' title='bbox 1625 3121 1689 3194; x_wconf 86' lang='lat' dir='ltr'><strong>quia</strong></span> <span class='ocrx_word' id='word_1_428' title='bbox 1703 3136 1752 3192; x_wconf 92' lang='lat' dir='ltr'><strong>per</strong></span> <span class='ocrx_word' id='word_1_429' title='bbox 1832 3121 1835 3134; x_wconf 89' lang='lat'>&#39;</span> 
     </span>
     <span class='ocr_line' id='line_1_32' title="bbox 115 3211 1753 3286; baseline -0.001 -19"><span class='ocrx_word' id='word_1_430' title='bbox 115 3229 183 3269; x_wconf 84' lang='lat' dir='ltr'><strong>vero</strong></span> <span class='ocrx_word' id='word_1_431' title='bbox 209 3213 352 3286; x_wconf 87' lang='lat' dir='ltr'><strong>religiones</strong></span> <span class='ocrx_word' id='word_1_432' title='bbox 374 3213 474 3270; x_wconf 89' lang='lat' dir='ltr'><strong>habent</strong></span> <span class='ocrx_word' id='word_1_433' title='bbox 492 3214 630 3286; x_wconf 81' lang='lat' dir='ltr'><strong>privilegia</strong></span> <span class='ocrx_word' id='word_1_434' title='bbox 651 3213 873 3272; x_wconf 89' lang='lat' dir='ltr'><strong>cmnmunieandi</strong></span> <span class='ocrx_word' id='word_1_435' title='bbox 893 3213 918 3270; x_wconf 89' lang='lat' dir='ltr'><strong>ia</strong></span> <span class='ocrx_word' id='word_1_436' title='bbox 954 3233 982 3274; x_wconf 89' lang='lat' dir='ltr'><strong>se</strong></span> <span class='ocrx_word' id='word_1_437' title='bbox 996 3217 1091 3273; x_wconf 90' lang='lat' dir='ltr'><strong>melior</strong></span> <span class='ocrx_word' id='word_1_438' title='bbox 1106 3221 1163 3286; x_wconf 75' lang='lat' dir='ltr'><strong>est,</strong></span> <span class='ocrx_word' id='word_1_439' title='bbox 1176 3219 1203 3270; x_wconf 88' lang='lat' dir='ltr'><strong>et</strong></span> <span class='ocrx_word' id='word_1_440' title='bbox 1216 3215 1255 3269; x_wconf 90' lang='lat' dir='ltr'><strong>ita</strong></span> <span class='ocrx_word' id='word_1_441' title='bbox 1268 3215 1351 3269; x_wconf 89' lang='lat' dir='ltr'><strong>etiam</strong></span> <span class='ocrx_word' id='word_1_442' title='bbox 1365 3218 1408 3269; x_wconf 89' lang='lat' dir='ltr'><strong>est</strong></span> <span class='ocrx_word' id='word_1_443' title='bbox 1421 3227 1470 3284; x_wconf 92' lang='lat' dir='ltr'><strong>per</strong></span> <span class='ocrx_word' id='word_1_444' title='bbox 1485 3225 1513 3266; x_wconf 89' lang='lat' dir='ltr'><strong>se</strong></span> <span class='ocrx_word' id='word_1_445' title='bbox 1531 3212 1664 3274; x_wconf 83' lang='lat' dir='ltr'><strong>intentus,</strong></span> <span class='ocrx_word' id='word_1_446' title='bbox 1677 3211 1753 3280; x_wconf 90' lang='lat' dir='ltr'><strong>prior</strong></span> 
     </span>
     <span class='ocr_line' id='line_1_33' title="bbox 116 3299 1751 3378; baseline -0.003 -18"><span class='ocrx_word' id='word_1_447' title='bbox 116 3303 246 3360; x_wconf 88' lang='lat' dir='ltr'><strong>omnibus</strong></span> <span class='ocrx_word' id='word_1_448' title='bbox 258 3311 327 3361; x_wconf 81' lang='lat' dir='ltr'><strong>cum</strong></span> <span class='ocrx_word' id='word_1_449' title='bbox 342 3307 443 3360; x_wconf 89' lang='lat' dir='ltr'><strong>ceteris</strong></span> <span class='ocrx_word' id='word_1_450' title='bbox 457 3304 514 3360; x_wconf 90' lang='lat' dir='ltr'><strong>aliis</strong></span> <span class='ocrx_word' id='word_1_451' title='bbox 530 3304 722 3378; x_wconf 71' lang='lat' dir='ltr'><strong>religionibus,</strong></span> <span class='ocrx_word' id='word_1_452' title='bbox 736 3319 803 3376; x_wconf 90' lang='lat' dir='ltr'><strong>ergo</strong></span> <span class='ocrx_word' id='word_1_453' title='bbox 818 3303 863 3359; x_wconf 90' lang='lat' dir='ltr'><strong>illa</strong></span> <span class='ocrx_word' id='word_1_454' title='bbox 877 3318 920 3360; x_wconf 90' lang='lat' dir='ltr'><strong>re·</strong></span> <span class='ocrx_word' id='word_1_455' title='bbox 952 3306 1022 3363; x_wconf 89' lang='lat' dir='ltr'><strong>enim</strong></span> <span class='ocrx_word' id='word_1_456' title='bbox 1037 3306 1128 3377; x_wconf 86' lang='lat' dir='ltr'><strong>potius</strong></span> <span class='ocrx_word' id='word_1_457' title='bbox 1146 3308 1190 3360; x_wconf 88' lang='lat' dir='ltr'><strong>est</strong></span> <span class='ocrx_word' id='word_1_458' title='bbox 1207 3303 1286 3376; x_wconf 86' lang='lat' dir='ltr'><strong>quasi</strong></span> <span class='ocrx_word' id='word_1_459' title='bbox 1304 3303 1469 3374; x_wconf 89' lang='lat' dir='ltr'><strong>permissus,</strong></span> <span class='ocrx_word' id='word_1_460' title='bbox 1485 3317 1535 3357; x_wconf 91' lang='lat' dir='ltr'><strong>seu</strong></span> <span class='ocrx_word' id='word_1_461' title='bbox 1554 3315 1602 3372; x_wconf 90' lang='lat' dir='ltr'><strong>per</strong></span> <span class='ocrx_word' id='word_1_462' title='bbox 1622 3299 1751 3356; x_wconf 89' lang='lat' dir='ltr'><strong>accidens</strong></span> 
     </span>
     <span class='ocr_line' id='line_1_34' title="bbox 115 3388 1752 3466; baseline -0.002 -20"><span class='ocrx_word' id='word_1_463' title='bbox 115 3393 225 3449; x_wconf 85' lang='lat' dir='ltr'><strong>strictio</strong></span> <span class='ocrx_word' id='word_1_464' title='bbox 244 3407 297 3448; x_wconf 90' lang='lat' dir='ltr'><strong>nou</strong></span> <span class='ocrx_word' id='word_1_465' title='bbox 312 3393 414 3464; x_wconf 89' lang='lat' dir='ltr'><strong>poterit</strong></span> <span class='ocrx_word' id='word_1_466' title='bbox 428 3393 487 3449; x_wconf 89' lang='lat' dir='ltr'><strong>aliis</strong></span> <span class='ocrx_word' id='word_1_467' title='bbox 501 3392 676 3466; x_wconf 88' lang='lat' dir='ltr'><strong>religionibus</strong></span> <span class='ocrx_word' id='word_1_468' title='bbox 690 3407 802 3449; x_wconf 88' lang='lat' dir='ltr'><strong>nocere.</strong></span> <span class='ocrx_word' id='word_1_469' title='bbox 952 3399 1074 3454; x_wconf 88' lang='lat' dir='ltr'><strong>intentus</strong></span> <span class='ocrx_word' id='word_1_470' title='bbox 1085 3392 1119 3450; x_wconf 90' lang='lat' dir='ltr'><strong>ad</strong></span> <span class='ocrx_word' id='word_1_471' title='bbox 1131 3393 1233 3449; x_wconf 89' lang='lat' dir='ltr'><strong>maiora</strong></span> <span class='ocrx_word' id='word_1_472' title='bbox 1244 3390 1418 3447; x_wconf 88' lang='lat' dir='ltr'><strong>incommoda</strong></span> <span class='ocrx_word' id='word_1_473' title='bbox 1429 3388 1673 3456; x_wconf 83' lang='lat' dir='ltr'><strong>vitanda.Quando</strong></span> <span class='ocrx_word' id='word_1_474' title='bbox 1684 3403 1752 3461; x_wconf 90' lang='lat' dir='ltr'><strong>ergo</strong></span> 
     </span>
     <span class='ocr_line' id='line_1_35' title="bbox 160 3479 1753 3554; baseline -0.003 -16"><span class='ocrx_word' id='word_1_475' title='bbox 160 3485 188 3540; x_wconf 80' lang='lat'><strong>2.</strong></span> <span class='ocrx_word' id='word_1_476' title='bbox 204 3480 335 3551; x_wconf 75' lang='lat' dir='ltr'><strong>Adrasto,</strong></span> <span class='ocrx_word' id='word_1_477' title='bbox 348 3481 484 3554; x_wconf 87' lang='lat' dir='ltr'><strong>triplicem</strong></span> <span class='ocrx_word' id='word_1_478' title='bbox 495 3497 575 3554; x_wconf 89' lang='lat' dir='ltr'><strong>posse</strong></span> <span class='ocrx_word' id='word_1_479' title='bbox 589 3481 704 3554; x_wconf 86' lang='lat' dir='ltr'><strong>cogitari</strong></span> <span class='ocrx_word' id='word_1_480' title='bbox 717 3480 918 3538; x_wconf 82' lang='lat' dir='ltr'><strong>restrictionem</strong></span> <span class='ocrx_word' id='word_1_481' title='bbox 952 3483 1077 3542; x_wconf 88' lang='lat' dir='ltr'><strong>absolute</strong></span> <span class='ocrx_word' id='word_1_482' title='bbox 1089 3480 1251 3538; x_wconf 90' lang='lat' dir='ltr'><strong>conceditur</strong></span> <span class='ocrx_word' id='word_1_483' title='bbox 1262 3479 1446 3552; x_wconf 85' lang='lat' dir='ltr'><strong>privilegium,</strong></span> <span class='ocrx_word' id='word_1_484' title='bbox 1459 3485 1487 3534; x_wconf 90' lang='lat' dir='ltr'><strong>et</strong></span> <span class='ocrx_word' id='word_1_485' title='bbox 1500 3493 1533 3534; x_wconf 84' lang='lat' dir='ltr'><strong>es</strong></span> <span class='ocrx_word' id='word_1_486' title='bbox 1547 3484 1641 3534; x_wconf 89' lang='lat' dir='ltr'><strong>tenore</strong></span> <span class='ocrx_word' id='word_1_487' title='bbox 1651 3483 1680 3534; x_wconf 92' lang='lat' dir='ltr'><strong>et</strong></span> <span class='ocrx_word' id='word_1_488' title='bbox 1690 3493 1753 3534; x_wconf 85' lang='lat' dir='ltr'><strong>rer-</strong></span> 
     </span>
     <span class='ocr_line' id='line_1_36' title="bbox 115 3567 1752 3643; baseline -0.001 -18"><span class='ocrx_word' id='word_1_489' title='bbox 115 3570 144 3625; x_wconf 90' lang='lat' dir='ltr'><strong>in</strong></span> <span class='ocrx_word' id='word_1_490' title='bbox 158 3568 315 3626; x_wconf 82' lang='lat' dir='ltr'><strong>huiusmodi</strong></span> <span class='ocrx_word' id='word_1_491' title='bbox 340 3570 496 3643; x_wconf 89' lang='lat' dir='ltr'><strong>privilegiis.</strong></span> <span class='ocrx_word' id='word_1_492' title='bbox 512 3571 677 3628; x_wconf 84' lang='lat' dir='ltr'><strong>Primaesse</strong></span> <span class='ocrx_word' id='word_1_493' title='bbox 691 3569 828 3642; x_wconf 82' lang='lat' dir='ltr'><strong>potestati</strong></span> <span class='ocrx_word' id='word_1_494' title='bbox 848 3569 918 3626; x_wconf 87' lang='lat' dir='ltr'><strong>limi·</strong></span> <span class='ocrx_word' id='word_1_495' title='bbox 952 3573 994 3630; x_wconf 91' lang='lat' dir='ltr'><strong>bis</strong></span> <span class='ocrx_word' id='word_1_496' title='bbox 1008 3587 1062 3630; x_wconf 88' lang='lat' dir='ltr'><strong>non</strong></span> <span class='ocrx_word' id='word_1_497' title='bbox 1084 3575 1212 3640; x_wconf 86' lang='lat' dir='ltr'><strong>constat,</strong></span> <span class='ocrx_word' id='word_1_498' title='bbox 1227 3567 1339 3624; x_wconf 88' lang='lat' dir='ltr'><strong>concedi</strong></span> <span class='ocrx_word' id='word_1_499' title='bbox 1354 3582 1403 3640; x_wconf 90' lang='lat' dir='ltr'><strong>por</strong></span> <span class='ocrx_word' id='word_1_500' title='bbox 1417 3567 1528 3624; x_wconf 90' lang='lat' dir='ltr'><strong>modurn</strong></span> <span class='ocrx_word' id='word_1_501' title='bbox 1543 3567 1752 3638; x_wconf 88' lang='lat' dir='ltr'><strong>dispensationis</strong></span> 
     </span>
     <span class='ocr_line' id='line_1_37' title="bbox 116 3654 1754 3732; baseline 0 -18"><span class='ocrx_word' id='word_1_502' title='bbox 116 3657 233 3714; x_wconf 89' lang='lat' dir='ltr'><strong>tandum</strong></span> <span class='ocrx_word' id='word_1_503' title='bbox 249 3658 418 3730; x_wconf 82' lang='lat' dir='ltr'><strong>privilegium</strong></span> <span class='ocrx_word' id='word_1_504' title='bbox 434 3658 587 3716; x_wconf 88' lang='lat' dir='ltr'><strong>secundum</strong></span> <span class='ocrx_word' id='word_1_505' title='bbox 602 3675 648 3732; x_wconf 90' lang='lat' dir='ltr'><strong>se,</strong></span> <span class='ocrx_word' id='word_1_506' title='bbox 664 3675 719 3715; x_wconf 91' lang='lat' dir='ltr'><strong>non</strong></span> <span class='ocrx_word' id='word_1_507' title='bbox 733 3660 837 3715; x_wconf 91' lang='lat' dir='ltr'><strong>intuitu</strong></span> <span class='ocrx_word' id='word_1_508' title='bbox 857 3659 919 3714; x_wconf 91' lang='lat' dir='ltr'><strong>reli·</strong></span> <span class='ocrx_word' id='word_1_509' title='bbox 953 3662 1071 3719; x_wconf 89' lang='lat' dir='ltr'><strong>nliouius</strong></span> <span class='ocrx_word' id='word_1_510' title='bbox 1085 3659 1124 3716; x_wconf 86' lang='lat' dir='ltr'><strong>rei</strong></span> <span class='ocrx_word' id='word_1_511' title='bbox 1146 3658 1305 3730; x_wconf 89' lang='lat' dir='ltr'><strong>pertinentis</strong></span> <span class='ocrx_word' id='word_1_512' title='bbox 1320 3656 1354 3712; x_wconf 93' lang='lat' dir='ltr'><strong>ad</strong></span> <span class='ocrx_word' id='word_1_513' title='bbox 1373 3656 1515 3728; x_wconf 84' lang='lat' dir='ltr'><strong>proprium</strong></span> <span class='ocrx_word' id='word_1_514' title='bbox 1537 3654 1708 3724; x_wconf 90' lang='lat' dir='ltr'><strong>institutum,</strong></span> <span class='ocrx_word' id='word_1_515' title='bbox 1724 3663 1754 3714; x_wconf 87' lang='lat' dir='ltr'><strong>et</strong></span> 
     </span>
     <span class='ocr_line' id='line_1_38' title="bbox 116 3745 1752 3824; baseline 0.001 -24"><span class='ocrx_word' id='word_1_516' title='bbox 116 3745 218 3817; x_wconf 87' lang='lat' dir='ltr'><strong>gionia,</strong></span> <span class='ocrx_word' id='word_1_517' title='bbox 235 3747 277 3802; x_wconf 86' lang='lat' dir='ltr'><strong>rel</strong></span> <span class='ocrx_word' id='word_1_518' title='bbox 291 3749 320 3803; x_wconf 93' lang='lat' dir='ltr'><strong>in</strong></span> <span class='ocrx_word' id='word_1_519' title='bbox 333 3746 452 3804; x_wconf 82' lang='lat' dir='ltr'><strong>levorem</strong></span> <span class='ocrx_word' id='word_1_520' title='bbox 468 3747 587 3821; x_wconf 87' lang='lat' dir='ltr'><strong>religiosi</strong></span> <span class='ocrx_word' id='word_1_521' title='bbox 601 3748 726 3817; x_wconf 90' lang='lat' dir='ltr'><strong>instituti,</strong></span> <span class='ocrx_word' id='word_1_522' title='bbox 741 3748 821 3805; x_wconf 90' lang='lat' dir='ltr'><strong>etiam</strong></span> <span class='ocrx_word' id='word_1_523' title='bbox 839 3750 919 3807; x_wconf 91' lang='lat' dir='ltr'><strong>abso·</strong></span> <span class='ocrx_word' id='word_1_524' title='bbox 953 3751 1105 3824; x_wconf 88' lang='lat' dir='ltr'><strong>regularem</strong></span> <span class='ocrx_word' id='word_1_525' title='bbox 1119 3747 1336 3817; x_wconf 76' lang='lat' dir='ltr'><strong>observantiam,</strong></span> <span class='ocrx_word' id='word_1_526' title='bbox 1349 3745 1506 3818; x_wconf 87' lang='lat' dir='ltr'><strong>intelligitur</strong></span> <span class='ocrx_word' id='word_1_527' title='bbox 1521 3759 1685 3800; x_wconf 89' lang='lat' dir='ltr'><strong>concessum</strong></span> <span class='ocrx_word' id='word_1_528' title='bbox 1700 3745 1752 3801; x_wconf 89' lang='lat' dir='ltr'><strong>sub</strong></span> 
     </span>
     <span class='ocr_line' id='line_1_39' title="bbox 116 3832 1752 3909; baseline 0.001 -20"><span class='ocrx_word' id='word_1_529' title='bbox 116 3835 177 3892; x_wconf 91' lang='lat' dir='ltr'><strong>lute</strong></span> <span class='ocrx_word' id='word_1_530' title='bbox 191 3843 220 3892; x_wconf 89' lang='lat' dir='ltr'><strong>et</strong></span> <span class='ocrx_word' id='word_1_531' title='bbox 233 3837 386 3907; x_wconf 88' lang='lat' dir='ltr'><strong>generatim</strong></span> <span class='ocrx_word' id='word_1_532' title='bbox 400 3838 526 3909; x_wconf 88' lang='lat' dir='ltr'><strong>spectati,</strong></span> <span class='ocrx_word' id='word_1_533' title='bbox 543 3837 590 3894; x_wconf 90' lang='lat' dir='ltr'><strong>sed</strong></span> <span class='ocrx_word' id='word_1_534' title='bbox 605 3840 710 3894; x_wconf 84' lang='lat' dir='ltr'><strong>ratione</strong></span> <span class='ocrx_word' id='word_1_535' title='bbox 731 3845 836 3895; x_wconf 88' lang='lat' dir='ltr'><strong>tantum</strong></span> <span class='ocrx_word' id='word_1_536' title='bbox 851 3855 918 3896; x_wconf 91' lang='lat' dir='ltr'><strong>con·</strong></span> <span class='ocrx_word' id='word_1_537' title='bbox 953 3840 998 3897; x_wconf 92' lang='lat' dir='ltr'><strong>illa</strong></span> <span class='ocrx_word' id='word_1_538' title='bbox 1008 3840 1089 3896; x_wconf 89' lang='lat' dir='ltr'><strong>tacita</strong></span> <span class='ocrx_word' id='word_1_539' title='bbox 1105 3833 1440 3908; x_wconf 82' lang='lat' dir='ltr'><strong>conditione&#39;,dummodo</strong></span> <span class='ocrx_word' id='word_1_540' title='bbox 1450 3832 1585 3908; x_wconf 77' lang='lat' dir='ltr'><strong>regulari</strong></span> <span class='ocrx_word' id='word_1_541' title='bbox 1595 3834 1752 3892; x_wconf 83' lang='lat' dir='ltr'><strong>obseruan-</strong></span> 
     </span>
     <span class='ocr_line' id='line_1_40' title="bbox 116 3925 1753 4003; baseline 0.002 -25"><span class='ocrx_word' id='word_1_542' title='bbox 116 3925 251 3981; x_wconf 83' lang='lat' dir='ltr'><strong>renieotis</strong></span> <span class='ocrx_word' id='word_1_543' title='bbox 265 3925 457 3983; x_wconf 88' lang='lat' dir='ltr'><strong>moderationis</strong></span> <span class='ocrx_word' id='word_1_544' title='bbox 472 3927 533 3983; x_wconf 90' lang='lat' dir='ltr'><strong>talis</strong></span> <span class='ocrx_word' id='word_1_545' title='bbox 549 3927 697 4001; x_wconf 82' lang='lat' dir='ltr'><strong>privilegii,</strong></span> <span class='ocrx_word' id='word_1_546' title='bbox 712 3926 755 3984; x_wconf 85' lang='lat' dir='ltr'><strong>rel</strong></span> <span class='ocrx_word' id='word_1_547' title='bbox 768 3927 805 3984; x_wconf 91' lang='lat' dir='ltr'><strong>ad</strong></span> <span class='ocrx_word' id='word_1_548' title='bbox 819 3943 919 3985; x_wconf 81' lang='lat' dir='ltr'><strong>caven·</strong></span> <span class='ocrx_word' id='word_1_549' title='bbox 953 3933 1016 3988; x_wconf 85' lang='lat' dir='ltr'><strong>ttae</strong></span> <span class='ocrx_word' id='word_1_550' title='bbox 1034 3945 1095 3985; x_wconf 86' lang='lat' dir='ltr'><strong>non</strong></span> <span class='ocrx_word' id='word_1_551' title='bbox 1114 3928 1276 4003; x_wconf 56' lang='lat' dir='ltr'><strong>repugnet·</strong></span> <span class='ocrx_word' id='word_1_552' title='bbox 1290 3931 1318 3982; x_wconf 90' lang='lat' dir='ltr'><strong>at</strong></span> <span class='ocrx_word' id='word_1_553' title='bbox 1338 3925 1397 3982; x_wconf 92' lang='lat' dir='ltr'><strong>ideo</strong></span> <span class='ocrx_word' id='word_1_554' title='bbox 1411 3927 1439 3980; x_wconf 91' lang='lat' dir='ltr'><strong>in</strong></span> <span class='ocrx_word' id='word_1_555' title='bbox 1460 3926 1548 3996; x_wconf 88' lang='lat' dir='ltr'><strong>prima</strong></span> <span class='ocrx_word' id='word_1_556' title='bbox 1573 3925 1753 3982; x_wconf 89' lang='lat' dir='ltr'><strong>concessione</strong></span> 
     </span>
     <span class='ocr_line' id='line_1_41' title="bbox 118 4014 1753 4094; baseline -0.001 -24"><span class='ocrx_word' id='word_1_557' title='bbox 118 4014 186 4072; x_wconf 91' lang='lat' dir='ltr'><strong>dum</strong></span> <span class='ocrx_word' id='word_1_558' title='bbox 201 4023 398 4072; x_wconf 89' lang='lat' dir='ltr'><strong>nocumentum</strong></span> <span class='ocrx_word' id='word_1_559' title='bbox 410 4017 539 4084; x_wconf 89' lang='lat' dir='ltr'><strong>aliorum,</strong></span> <span class='ocrx_word' id='word_1_560' title='bbox 552 4016 640 4074; x_wconf 86' lang='lat' dir='ltr'><strong>relad</strong></span> <span class='ocrx_word' id='word_1_561' title='bbox 652 4017 787 4074; x_wconf 81' lang='lat' dir='ltr'><strong>sitandam</strong></span> <span class='ocrx_word' id='word_1_562' title='bbox 800 4018 918 4092; x_wconf 88' lang='lat' dir='ltr'><strong>aliquam</strong></span> <span class='ocrx_word' id='word_1_563' title='bbox 952 4019 1085 4094; x_wconf 80' lang='lat' dir='ltr'><strong>privilegii</strong></span> <span class='ocrx_word' id='word_1_564' title='bbox 1107 4017 1243 4075; x_wconf 89' lang='lat' dir='ltr'><strong>ordinarie</strong></span> <span class='ocrx_word' id='word_1_565' title='bbox 1263 4032 1318 4073; x_wconf 90' lang='lat' dir='ltr'><strong>non</strong></span> <span class='ocrx_word' id='word_1_566' title='bbox 1337 4015 1499 4087; x_wconf 83' lang='lat' dir='ltr'><strong>exprimitur</strong></span> <span class='ocrx_word' id='word_1_567' title='bbox 1519 4014 1588 4072; x_wconf 87' lang='lat' dir='ltr'><strong>haec</strong></span> <span class='ocrx_word' id='word_1_568' title='bbox 1617 4015 1753 4087; x_wconf 87' lang='lat' dir='ltr'><strong>limitatio,</strong></span> 
     </span>
     <span class='ocr_line' id='line_1_42' title="bbox 116 4104 1751 4184; baseline -0.001 -25"><span class='ocrx_word' id='word_1_569' title='bbox 116 4104 365 4176; x_wconf 85' lang='lat' dir='ltr'><strong>perturbationem,</strong></span> <span class='ocrx_word' id='word_1_570' title='bbox 382 4121 455 4178; x_wconf 88' lang='lat' dir='ltr'><strong>quae</strong></span> <span class='ocrx_word' id='word_1_571' title='bbox 473 4121 507 4162; x_wconf 82' lang='lat' dir='ltr'><strong>ea</strong></span> <span class='ocrx_word' id='word_1_572' title='bbox 528 4107 624 4164; x_wconf 90' lang='lat' dir='ltr'><strong>maiori</strong></span> <span class='ocrx_word' id='word_1_573' title='bbox 643 4106 750 4164; x_wconf 90' lang='lat' dir='ltr'><strong>licentia</strong></span> <span class='ocrx_word' id='word_1_574' title='bbox 770 4108 834 4165; x_wconf 91' lang='lat' dir='ltr'><strong>oriri</strong></span> <span class='ocrx_word' id='word_1_575' title='bbox 854 4125 917 4180; x_wconf 92' lang='lat' dir='ltr'><strong>pos·</strong></span> <span class='ocrx_word' id='word_1_576' title='bbox 952 4113 1018 4184; x_wconf 89' lang='lat' dir='ltr'><strong>quia</strong></span> <span class='ocrx_word' id='word_1_577' title='bbox 1031 4108 1114 4166; x_wconf 89' lang='lat' dir='ltr'><strong>veluti</strong></span> <span class='ocrx_word' id='word_1_578' title='bbox 1133 4122 1181 4179; x_wconf 88' lang='lat' dir='ltr'><strong>per</strong></span> <span class='ocrx_word' id='word_1_579' title='bbox 1202 4121 1231 4162; x_wconf 87' lang='lat' dir='ltr'><strong>se</strong></span> <span class='ocrx_word' id='word_1_580' title='bbox 1252 4105 1338 4177; x_wconf 88' lang='lat' dir='ltr'><strong>inest,</strong></span> <span class='ocrx_word' id='word_1_581' title='bbox 1352 4105 1485 4177; x_wconf 83' lang='lat' dir='ltr'><strong>quamdiu</strong></span> <span class='ocrx_word' id='word_1_582' title='bbox 1506 4104 1675 4161; x_wconf 89' lang='lat' dir='ltr'><strong>contrarium</strong></span> <span class='ocrx_word' id='word_1_583' title='bbox 1696 4119 1751 4160; x_wconf 93' lang='lat' dir='ltr'><strong>non</strong></span> 
     </span>
     <span class='ocr_line' id='line_1_43' title="bbox 117 4192 1754 4272; baseline 0.002 -27"><span class='ocrx_word' id='word_1_584' title='bbox 117 4199 171 4248; x_wconf 91' lang='lat' dir='ltr'><strong>set.</strong></span> <span class='ocrx_word' id='word_1_585' title='bbox 184 4194 220 4250; x_wconf 91' lang='lat' dir='ltr'><strong>Ut</strong></span> <span class='ocrx_word' id='word_1_586' title='bbox 234 4193 256 4248; x_wconf 90' lang='lat' dir='ltr'><strong>si</strong></span> <span class='ocrx_word' id='word_1_587' title='bbox 270 4192 440 4266; x_wconf 83' lang='lat' dir='ltr'><strong>privilegium</strong></span> <span class='ocrx_word' id='word_1_588' title='bbox 452 4209 504 4250; x_wconf 91' lang='lat' dir='ltr'><strong>non</strong></span> <span class='ocrx_word' id='word_1_589' title='bbox 519 4194 640 4251; x_wconf 85' lang='lat' dir='ltr'><strong>solvendi</strong></span> <span class='ocrx_word' id='word_1_590' title='bbox 654 4195 774 4253; x_wconf 90' lang='lat' dir='ltr'><strong>decimas</strong></span> <span class='ocrx_word' id='word_1_591' title='bbox 788 4197 918 4254; x_wconf 88' lang='lat' dir='ltr'><strong>limitetur</strong></span> <span class='ocrx_word' id='word_1_592' title='bbox 952 4200 1122 4272; x_wconf 84' lang='lat' dir='ltr'><strong>exprimitur.</strong></span> <span class='ocrx_word' id='word_1_593' title='bbox 1139 4199 1207 4254; x_wconf 83' lang='lat' dir='ltr'><strong>llum</strong></span> <span class='ocrx_word' id='word_1_594' title='bbox 1220 4195 1334 4252; x_wconf 90' lang='lat' dir='ltr'><strong>intentio</strong></span> <span class='ocrx_word' id='word_1_595' title='bbox 1348 4194 1485 4252; x_wconf 87' lang='lat' dir='ltr'><strong>Pontificis</strong></span> <span class='ocrx_word' id='word_1_596' title='bbox 1498 4209 1640 4266; x_wconf 88' lang='lat' dir='ltr'><strong>nunquam</strong></span> <span class='ocrx_word' id='word_1_597' title='bbox 1654 4199 1697 4250; x_wconf 86' lang='lat' dir='ltr'><strong>est</strong></span> <span class='ocrx_word' id='word_1_598' title='bbox 1710 4209 1754 4249; x_wconf 89' lang='lat' dir='ltr'><strong>re·</strong></span> 
     </span>
     <span class='ocr_line' id='line_1_44' title="bbox 117 4279 1752 4360; baseline 0.002 -25"><span class='ocrx_word' id='word_1_599' title='bbox 117 4279 152 4336; x_wconf 94' lang='lat' dir='ltr'><strong>ad</strong></span> <span class='ocrx_word' id='word_1_600' title='bbox 165 4282 278 4352; x_wconf 88' lang='lat' dir='ltr'><strong>propria</strong></span> <span class='ocrx_word' id='word_1_601' title='bbox 294 4282 414 4354; x_wconf 89' lang='lat' dir='ltr'><strong>praedia,</strong></span> <span class='ocrx_word' id='word_1_602' title='bbox 427 4298 498 4355; x_wconf 90' lang='lat' dir='ltr'><strong>quae</strong></span> <span class='ocrx_word' id='word_1_603' title='bbox 509 4284 627 4355; x_wconf 90' lang='lat' dir='ltr'><strong>propriis</strong></span> <span class='ocrx_word' id='word_1_604' title='bbox 638 4283 777 4341; x_wconf 91' lang='lat' dir='ltr'><strong>laboribus</strong></span> <span class='ocrx_word' id='word_1_605' title='bbox 788 4287 920 4342; x_wconf 86' lang='lat' dir='ltr'><strong>ercoluu·</strong></span> <span class='ocrx_word' id='word_1_606' title='bbox 953 4288 1043 4346; x_wconf 84' lang='lat' dir='ltr'><strong>laxare</strong></span> <span class='ocrx_word' id='word_1_607' title='bbox 1064 4286 1239 4360; x_wconf 81' lang='lat' dir='ltr'><strong>religionem3</strong></span> <span class='ocrx_word' id='word_1_608' title='bbox 1257 4300 1346 4356; x_wconf 89' lang='lat' dir='ltr'><strong>neque</strong></span> <span class='ocrx_word' id='word_1_609' title='bbox 1360 4283 1386 4340; x_wconf 92' lang='lat' dir='ltr'><strong>id</strong></span> <span class='ocrx_word' id='word_1_610' title='bbox 1406 4282 1495 4339; x_wconf 90' lang='lat' dir='ltr'><strong>lacere</strong></span> <span class='ocrx_word' id='word_1_611' title='bbox 1518 4281 1673 4339; x_wconf 89' lang='lat' dir='ltr'><strong>credendus</strong></span> <span class='ocrx_word' id='word_1_612' title='bbox 1699 4290 1752 4354; x_wconf 92' lang='lat' dir='ltr'><strong>est,</strong></span> 
     </span>
     <span class='ocr_line' id='line_1_45' title="bbox 116 4367 1754 4451; baseline 0.003 -28"><span class='ocrx_word' id='word_1_613' title='bbox 116 4375 181 4438; x_wconf 90' lang='lat' dir='ltr'><strong>tur,</strong></span> <span class='ocrx_word' id='word_1_614' title='bbox 197 4367 240 4424; x_wconf 83' lang='lat' dir='ltr'><strong>vel</strong></span> <span class='ocrx_word' id='word_1_615' title='bbox 256 4372 278 4425; x_wconf 89' lang='lat' dir='ltr'><strong>si</strong></span> <span class='ocrx_word' id='word_1_616' title='bbox 293 4371 464 4443; x_wconf 79' lang='lat' dir='ltr'><strong>privilegium</strong></span> <span class='ocrx_word' id='word_1_617' title='bbox 477 4374 657 4446; x_wconf 77' lang='lat' dir='ltr'><strong>exemptionis</strong></span> <span class='ocrx_word' id='word_1_618' title='bbox 672 4372 822 4448; x_wconf 83' lang='lat' dir='ltr'><strong>limitetur,</strong></span> <span class='ocrx_word' id='word_1_619' title='bbox 837 4391 870 4431; x_wconf 91' lang='lat' dir='ltr'><strong>ne</strong></span> <span class='ocrx_word' id='word_1_620' title='bbox 885 4374 919 4432; x_wconf 89' lang='lat' dir='ltr'><strong>ad</strong></span> <span class='ocrx_word' id='word_1_621' title='bbox 953 4378 1003 4434; x_wconf 89' lang='lat' dir='ltr'><strong>nisi</strong></span> <span class='ocrx_word' id='word_1_622' title='bbox 1019 4375 1128 4451; x_wconf 83' lang='lat' dir='ltr'><strong>qarando</strong></span> <span class='ocrx_word' id='word_1_623' title='bbox 1143 4374 1169 4430; x_wconf 90' lang='lat' dir='ltr'><strong>ld</strong></span> <span class='ocrx_word' id='word_1_624' title='bbox 1187 4372 1326 4442; x_wconf 86' lang='lat' dir='ltr'><strong>declarat,</strong></span> <span class='ocrx_word' id='word_1_625' title='bbox 1343 4386 1428 4430; x_wconf 90' lang='lat' dir='ltr'><strong>causa</strong></span> <span class='ocrx_word' id='word_1_626' title='bbox 1442 4373 1569 4444; x_wconf 77' lang='lat' dir='ltr'><strong>cognita,</strong></span> <span class='ocrx_word' id='word_1_627' title='bbox 1586 4378 1613 4428; x_wconf 89' lang='lat' dir='ltr'><strong>et</strong></span> <span class='ocrx_word' id='word_1_628' title='bbox 1632 4374 1754 4428; x_wconf 86' lang='lat' dir='ltr'><strong>necessi·</strong></span> 
     </span>
     <span class='ocr_line' id='line_1_46' title="bbox 117 4457 1830 4537; baseline 0.004 -25"><span class='ocrx_word' id='word_1_629' title='bbox 117 4457 265 4514; x_wconf 80' lang='lat' dir='ltr'><strong>familiares</strong></span> <span class='ocrx_word' id='word_1_630' title='bbox 281 4468 361 4517; x_wconf 80' lang='lat' dir='ltr'><strong>extra</strong></span> <span class='ocrx_word' id='word_1_631' title='bbox 375 4463 541 4518; x_wconf 87' lang='lat' dir='ltr'><strong>monasteria</strong></span> <span class='ocrx_word' id='word_1_632' title='bbox 554 4465 675 4520; x_wconf 84' lang='lat' dir='ltr'><strong>viventes</strong></span> <span class='ocrx_word' id='word_1_633' title='bbox 688 4464 861 4534; x_wconf 82' lang='lat' dir='ltr'><strong>extendatur,</strong></span> <span class='ocrx_word' id='word_1_634' title='bbox 876 4464 919 4522; x_wconf 86' lang='lat' dir='ltr'><strong>rel</strong></span> <span class='ocrx_word' id='word_1_635' title='bbox 954 4473 1010 4523; x_wconf 88' lang='lat' dir='ltr'><strong>tate</strong></span> <span class='ocrx_word' id='word_1_636' title='bbox 1028 4469 1159 4537; x_wconf 89' lang='lat' dir='ltr'><strong>urgente,</strong></span> <span class='ocrx_word' id='word_1_637' title='bbox 1175 4477 1257 4534; x_wconf 80' lang='lat' dir='ltr'><strong>quana</strong></span> <span class='ocrx_word' id='word_1_638' title='bbox 1277 4461 1426 4534; x_wconf 85' lang='lat' dir='ltr'><strong>significare</strong></span> <span class='ocrx_word' id='word_1_639' title='bbox 1449 4461 1535 4528; x_wconf 88' lang='lat' dir='ltr'><strong>solet,</strong></span> <span class='ocrx_word' id='word_1_640' title='bbox 1557 4459 1666 4533; x_wconf 91' lang='lat' dir='ltr'><strong>quando</strong></span> <span class='ocrx_word' id='word_1_641' title='bbox 1687 4460 1752 4519; x_wconf 87' lang='lat' dir='ltr'><strong>talia</strong></span> <span class='ocrx_word' id='word_1_642' title='bbox 1828 4503 1830 4508; x_wconf 68' lang='lat'><strong>,</strong></span> 
     </span>
     <span class='ocr_line' id='line_1_47' title="bbox 117 4547 1559 4629; baseline 0.003 -27"><span class='ocrx_word' id='word_1_643' title='bbox 117 4562 153 4604; x_wconf 89' lang='lat' dir='ltr'><strong>ne</strong></span> <span class='ocrx_word' id='word_1_644' title='bbox 166 4547 244 4604; x_wconf 90' lang='lat' dir='ltr'><strong>tollat</strong></span> <span class='ocrx_word' id='word_1_645' title='bbox 262 4549 456 4622; x_wconf 89' lang='lat' dir='ltr'><strong>obligationem</strong></span> <span class='ocrx_word' id='word_1_646' title='bbox 471 4551 596 4610; x_wconf 89' lang='lat' dir='ltr'><strong>serrandi</strong></span> <span class='ocrx_word' id='word_1_647' title='bbox 609 4553 780 4623; x_wconf 81' lang='lat' dir='ltr'><strong>testivitates,</strong></span> <span class='ocrx_word' id='word_1_648' title='bbox 795 4563 825 4611; x_wconf 92' lang='lat' dir='ltr'><strong>et</strong></span> <span class='ocrx_word' id='word_1_649' title='bbox 837 4556 921 4611; x_wconf 91' lang='lat' dir='ltr'><strong>inter·</strong></span> <span class='ocrx_word' id='word_1_650' title='bbox 953 4554 1092 4629; x_wconf 86' lang='lat' dir='ltr'><strong>privilegia</strong></span> <span class='ocrx_word' id='word_1_651' title='bbox 1106 4550 1253 4609; x_wconf 86' lang='lat' dir='ltr'><strong>relaxantis</strong></span> <span class='ocrx_word' id='word_1_652' title='bbox 1267 4551 1421 4608; x_wconf 87' lang='lat' dir='ltr'><strong>concedere</strong></span> <span class='ocrx_word' id='word_1_653' title='bbox 1436 4550 1559 4606; x_wconf 89' lang='lat' dir='ltr'><strong>intendit.</strong></span> 
     </span>
     <span class='ocr_line' id='line_1_48' title="bbox 117 4635 1751 4714; baseline 0.002 -21"><span class='ocrx_word' id='word_1_654' title='bbox 117 4635 209 4705; x_wconf 91' lang='lat' dir='ltr'><strong>dicta,</strong></span> <span class='ocrx_word' id='word_1_655' title='bbox 228 4642 257 4693; x_wconf 90' lang='lat' dir='ltr'><strong>et</strong></span> <span class='ocrx_word' id='word_1_656' title='bbox 271 4638 377 4695; x_wconf 89' lang='lat' dir='ltr'><strong>similia.</strong></span> <span class='ocrx_word' id='word_1_657' title='bbox 390 4639 426 4695; x_wconf 87' lang='lat' dir='ltr'><strong>Et</strong></span> <span class='ocrx_word' id='word_1_658' title='bbox 440 4639 474 4696; x_wconf 89' lang='lat' dir='ltr'><strong>de</strong></span> <span class='ocrx_word' id='word_1_659' title='bbox 488 4639 541 4698; x_wconf 90' lang='lat' dir='ltr'><strong>boe</strong></span> <span class='ocrx_word' id='word_1_660' title='bbox 555 4657 654 4714; x_wconf 89' lang='lat' dir='ltr'><strong>genera</strong></span> <span class='ocrx_word' id='word_1_661' title='bbox 668 4643 847 4700; x_wconf 89' lang='lat' dir='ltr'><strong>restrictionis</strong></span> <span class='ocrx_word' id='word_1_662' title='bbox 860 4659 919 4702; x_wconf 89' lang='lat' dir='ltr'><strong>cer·</strong></span> <span class='ocrx_word' id='word_1_663' title='bbox 992 4644 1067 4702; x_wconf 92' lang='lat' dir='ltr'><strong>Unde</strong></span> <span class='ocrx_word' id='word_1_664' title='bbox 1085 4657 1102 4698; x_wconf 89' lang='lat' dir='ltr'><strong>a</strong></span> <span class='ocrx_word' id='word_1_665' title='bbox 1122 4641 1226 4698; x_wconf 88' lang='lat' dir='ltr'><strong>lortiori</strong></span> <span class='ocrx_word' id='word_1_666' title='bbox 1247 4645 1371 4711; x_wconf 88' lang='lat' dir='ltr'><strong>constat,</strong></span> <span class='ocrx_word' id='word_1_667' title='bbox 1391 4639 1465 4713; x_wconf 89' lang='lat' dir='ltr'><strong>quod</strong></span> <span class='ocrx_word' id='word_1_668' title='bbox 1486 4641 1509 4696; x_wconf 87' lang='lat' dir='ltr'><strong>si</strong></span> <span class='ocrx_word' id='word_1_669' title='bbox 1531 4639 1591 4698; x_wconf 88' lang='lat' dir='ltr'><strong>talis</strong></span> <span class='ocrx_word' id='word_1_670' title='bbox 1614 4643 1751 4698; x_wconf 91' lang='lat' dir='ltr'><strong>restrictio</strong></span> 
     </span>
     <span class='ocr_line' id='line_1_49' title="bbox 117 4725 1838 4806; baseline 0.004 -26"><span class='ocrx_word' id='word_1_671' title='bbox 117 4733 180 4781; x_wconf 90' lang='lat' dir='ltr'><strong>turn</strong></span> <span class='ocrx_word' id='word_1_672' title='bbox 194 4725 331 4798; x_wconf 81' lang='lat' dir='ltr'><strong>existimo,</strong></span> <span class='ocrx_word' id='word_1_673' title='bbox 348 4728 510 4785; x_wconf 84' lang='lat' dir='ltr'><strong>seruandam</strong></span> <span class='ocrx_word' id='word_1_674' title='bbox 526 4731 634 4786; x_wconf 91' lang='lat' dir='ltr'><strong>omnino</strong></span> <span class='ocrx_word' id='word_1_675' title='bbox 647 4747 708 4789; x_wconf 90' lang='lat' dir='ltr'><strong>esse</strong></span> <span class='ocrx_word' id='word_1_676' title='bbox 723 4733 748 4788; x_wconf 92' lang='lat' dir='ltr'><strong>in</strong></span> <span class='ocrx_word' id='word_1_677' title='bbox 766 4733 920 4788; x_wconf 88' lang='lat' dir='ltr'><strong>eommuni-</strong></span> <span class='ocrx_word' id='word_1_678' title='bbox 954 4748 1081 4806; x_wconf 81' lang='lat' dir='ltr'><strong>expresse</strong></span> <span class='ocrx_word' id='word_1_679' title='bbox 1096 4730 1214 4788; x_wconf 87' lang='lat' dir='ltr'><strong>addatur</strong></span> <span class='ocrx_word' id='word_1_680' title='bbox 1227 4731 1253 4785; x_wconf 93' lang='lat' dir='ltr'><strong>in</strong></span> <span class='ocrx_word' id='word_1_681' title='bbox 1268 4730 1459 4800; x_wconf 89' lang='lat' dir='ltr'><strong>concessione,</strong></span> <span class='ocrx_word' id='word_1_682' title='bbox 1473 4731 1560 4786; x_wconf 87' lang='lat' dir='ltr'><strong>multo</strong></span> <span class='ocrx_word' id='word_1_683' title='bbox 1574 4730 1660 4803; x_wconf 91' lang='lat' dir='ltr'><strong>magis</strong></span> <span class='ocrx_word' id='word_1_684' title='bbox 1675 4732 1751 4789; x_wconf 88' lang='lat' dir='ltr'><strong>intel·</strong></span> <span class='ocrx_word' id='word_1_685' title='bbox 1834 4759 1838 4770; x_wconf 92' lang='lat'>·</span> 
     </span>
     <span class='ocr_line' id='line_1_50' title="bbox 117 4814 1754 4898; baseline 0.005 -28"><span class='ocrx_word' id='word_1_686' title='bbox 117 4814 228 4871; x_wconf 89' lang='lat' dir='ltr'><strong>catione</strong></span> <span class='ocrx_word' id='word_1_687' title='bbox 240 4816 372 4889; x_wconf 73' lang='lat' dir='ltr'><strong>privilegii</strong></span> <span class='ocrx_word' id='word_1_688' title='bbox 385 4817 482 4874; x_wconf 88' lang='lat' dir='ltr'><strong>eodem</strong></span> <span class='ocrx_word' id='word_1_689' title='bbox 498 4835 611 4891; x_wconf 88' lang='lat' dir='ltr'><strong>prorsus</strong></span> <span class='ocrx_word' id='word_1_690' title='bbox 623 4821 716 4895; x_wconf 91' lang='lat' dir='ltr'><strong>modo,</strong></span> <span class='ocrx_word' id='word_1_691' title='bbox 727 4837 783 4894; x_wconf 85' lang='lat' dir='ltr'><strong>quo</strong></span> <span class='ocrx_word' id='word_1_692' title='bbox 794 4825 821 4878; x_wconf 91' lang='lat' dir='ltr'><strong>in</strong></span> <span class='ocrx_word' id='word_1_693' title='bbox 832 4823 919 4894; x_wconf 89' lang='lat' dir='ltr'><strong>prima</strong></span> <span class='ocrx_word' id='word_1_694' title='bbox 953 4824 1055 4898; x_wconf 84' lang='lat' dir='ltr'><strong>ligetur</strong></span> <span class='ocrx_word' id='word_1_695' title='bbox 1074 4820 1194 4878; x_wconf 89' lang='lat' dir='ltr'><strong>adhibita</strong></span> <span class='ocrx_word' id='word_1_696' title='bbox 1209 4819 1235 4874; x_wconf 92' lang='lat' dir='ltr'><strong>in</strong></span> <span class='ocrx_word' id='word_1_697' title='bbox 1256 4819 1518 4890; x_wconf 90' lang='lat' dir='ltr'><strong>communicatione,</strong></span> <span class='ocrx_word' id='word_1_698' title='bbox 1535 4820 1643 4876; x_wconf 90' lang='lat' dir='ltr'><strong>etiamsi</strong></span> <span class='ocrx_word' id='word_1_699' title='bbox 1663 4821 1688 4875; x_wconf 90' lang='lat' dir='ltr'><strong>in</strong></span> <span class='ocrx_word' id='word_1_700' title='bbox 1709 4821 1754 4878; x_wconf 90' lang='lat' dir='ltr'><strong>illa</strong></span> 
     </span>
     <span class='ocr_line' id='line_1_51' title="bbox 116 4904 1752 4982; baseline 0.004 -22"><span class='ocrx_word' id='word_1_701' title='bbox 116 4911 147 4960; x_wconf 90' lang='lat' dir='ltr'><strong>et</strong></span> <span class='ocrx_word' id='word_1_702' title='bbox 166 4904 271 4960; x_wconf 89' lang='lat' dir='ltr'><strong>directa</strong></span> <span class='ocrx_word' id='word_1_703' title='bbox 295 4909 476 4964; x_wconf 90' lang='lat' dir='ltr'><strong>concessione</strong></span> <span class='ocrx_word' id='word_1_704' title='bbox 495 4907 617 4966; x_wconf 89' lang='lat' dir='ltr'><strong>adhibita</strong></span> <span class='ocrx_word' id='word_1_705' title='bbox 637 4910 696 4966; x_wconf 87' lang='lat' dir='ltr'><strong>luit.</strong></span> <span class='ocrx_word' id='word_1_706' title='bbox 712 4911 770 4967; x_wconf 90' lang='lat' dir='ltr'><strong>lloo</strong></span> <span class='ocrx_word' id='word_1_707' title='bbox 792 4911 862 4968; x_wconf 89' lang='lat' dir='ltr'><strong>enim</strong></span> <span class='ocrx_word' id='word_1_708' title='bbox 882 4911 917 4968; x_wconf 88' lang='lat' dir='ltr'><strong>ad</strong></span> <span class='ocrx_word' id='word_1_709' title='bbox 953 4929 1007 4969; x_wconf 92' lang='lat' dir='ltr'><strong>non</strong></span> <span class='ocrx_word' id='word_1_710' title='bbox 1027 4911 1211 4982; x_wconf 82' lang='lat' dir='ltr'><strong>exprimatur:</strong></span> <span class='ocrx_word' id='word_1_711' title='bbox 1234 4924 1296 4964; x_wconf 85' lang='lat' dir='ltr'><strong>nant</strong></span> <span class='ocrx_word' id='word_1_712' title='bbox 1321 4908 1402 4964; x_wconf 90' lang='lat' dir='ltr'><strong>etiam</strong></span> <span class='ocrx_word' id='word_1_713' title='bbox 1424 4908 1505 4964; x_wconf 86' lang='lat' dir='ltr'><strong>tacite</strong></span> <span class='ocrx_word' id='word_1_714' title='bbox 1526 4909 1752 4982; x_wconf 88' lang='lat' dir='ltr'><strong>subintelligenda</strong></span> 
     </span>
     <span class='ocr_line' id='line_1_52' title="bbox 117 4993 1751 5072; baseline 0.005 -25"><span class='ocrx_word' id='word_1_715' title='bbox 117 4993 263 5050; x_wconf 88' lang='lat' dir='ltr'><strong>minimum</strong></span> <span class='ocrx_word' id='word_1_716' title='bbox 278 4997 449 5056; x_wconf 84' lang='lat' dir='ltr'><strong>conaincnnt</strong></span> <span class='ocrx_word' id='word_1_717' title='bbox 462 4999 567 5068; x_wconf 90' lang='lat' dir='ltr'><strong>priores</strong></span> <span class='ocrx_word' id='word_1_718' title='bbox 581 5000 701 5056; x_wconf 90' lang='lat' dir='ltr'><strong>rationes</strong></span> <span class='ocrx_word' id='word_1_719' title='bbox 716 5001 867 5059; x_wconf 89' lang='lat' dir='ltr'><strong>dubitandi.</strong></span> <span class='ocrx_word' id='word_1_720' title='bbox 884 5002 919 5060; x_wconf 83' lang='lat' dir='ltr'><strong>lit</strong></span> <span class='ocrx_word' id='word_1_721' title='bbox 953 5007 1041 5072; x_wconf 89' lang='lat' dir='ltr'><strong>esset,</strong></span> <span class='ocrx_word' id='word_1_722' title='bbox 1057 5001 1119 5056; x_wconf 91' lang='lat' dir='ltr'><strong>licet</strong></span> <span class='ocrx_word' id='word_1_723' title='bbox 1132 4999 1157 5054; x_wconf 90' lang='lat' dir='ltr'><strong>ia</strong></span> <span class='ocrx_word' id='word_1_724' title='bbox 1172 5003 1268 5054; x_wconf 90' lang='lat' dir='ltr'><strong>neutro</strong></span> <span class='ocrx_word' id='word_1_725' title='bbox 1282 4998 1480 5069; x_wconf 85' lang='lat' dir='ltr'><strong>exprimeretur</strong></span> <span class='ocrx_word' id='word_1_726' title='bbox 1494 5005 1606 5068; x_wconf 88' lang='lat' dir='ltr'><strong>propter</strong></span> <span class='ocrx_word' id='word_1_727' title='bbox 1627 4998 1751 5055; x_wconf 89' lang='lat' dir='ltr'><strong>eamdem</strong></span> 
     </span>
     <span class='ocr_line' id='line_1_53' title="bbox 116 5085 1753 5161; baseline 0.004 -23"><span class='ocrx_word' id='word_1_728' title='bbox 116 5089 277 5155; x_wconf 89' lang='lat' dir='ltr'><strong>praeterea,</strong></span> <span class='ocrx_word' id='word_1_729' title='bbox 292 5085 356 5157; x_wconf 89' lang='lat' dir='ltr'><strong>quia</strong></span> <span class='ocrx_word' id='word_1_730' title='bbox 375 5087 470 5143; x_wconf 91' lang='lat' dir='ltr'><strong>eadem</strong></span> <span class='ocrx_word' id='word_1_731' title='bbox 489 5089 574 5158; x_wconf 87' lang='lat' dir='ltr'><strong>ratio,</strong></span> <span class='ocrx_word' id='word_1_732' title='bbox 590 5105 661 5161; x_wconf 84' lang='lat' dir='ltr'><strong>quae</strong></span> <span class='ocrx_word' id='word_1_733' title='bbox 677 5089 726 5146; x_wconf 88' lang='lat' dir='ltr'><strong>luit</strong></span> <span class='ocrx_word' id='word_1_734' title='bbox 747 5089 782 5147; x_wconf 91' lang='lat' dir='ltr'><strong>ad</strong></span> <span class='ocrx_word' id='word_1_735' title='bbox 802 5090 918 5148; x_wconf 90' lang='lat' dir='ltr'><strong>limitan·</strong></span> <span class='ocrx_word' id='word_1_736' title='bbox 954 5086 1611 5161; x_wconf 87' lang='lat' dir='ltr'><strong>rationem.Potastqueasimiliargumentumad</strong></span> <span class='ocrx_word' id='word_1_737' title='bbox 1624 5088 1753 5145; x_wconf 90' lang='lat' dir='ltr'><strong>boccon-</strong></span> 
     </span>
     <span class='ocr_line' id='line_1_54' title="bbox 116 5171 1755 5250; baseline 0.003 -22"><span class='ocrx_word' id='word_1_738' title='bbox 116 5171 182 5228; x_wconf 89' lang='lat' dir='ltr'><strong>dam</strong></span> <span class='ocrx_word' id='word_1_739' title='bbox 198 5177 424 5244; x_wconf 89' lang='lat' dir='ltr'><strong>concessionem,</strong></span> <span class='ocrx_word' id='word_1_740' title='bbox 440 5181 482 5232; x_wconf 87' lang='lat' dir='ltr'><strong>est</strong></span> <span class='ocrx_word' id='word_1_741' title='bbox 495 5175 529 5232; x_wconf 93' lang='lat' dir='ltr'><strong>ad</strong></span> <span class='ocrx_word' id='word_1_742' title='bbox 548 5176 716 5234; x_wconf 88' lang='lat' dir='ltr'><strong>limitandam</strong></span> <span class='ocrx_word' id='word_1_743' title='bbox 730 5181 919 5236; x_wconf 88' lang='lat' dir='ltr'><strong>communica·</strong></span> <span class='ocrx_word' id='word_1_744' title='bbox 953 5177 1118 5236; x_wconf 86' lang='lat' dir='ltr'><strong>firmandum</strong></span> <span class='ocrx_word' id='word_1_745' title='bbox 1130 5179 1201 5232; x_wconf 82' lang='lat' dir='ltr'><strong>sunni</strong></span> <span class='ocrx_word' id='word_1_746' title='bbox 1211 5193 1244 5232; x_wconf 85' lang='lat' dir='ltr'><strong>ex</strong></span> <span class='ocrx_word' id='word_1_747' title='bbox 1256 5191 1317 5248; x_wconf 85' lang='lat' dir='ltr'><strong>cap.</strong></span> <span class='ocrx_word' id='word_1_748' title='bbox 1327 5174 1419 5232; x_wconf 92' lang='lat' dir='ltr'><strong>ult.de</strong></span> <span class='ocrx_word' id='word_1_749' title='bbox 1430 5174 1538 5231; x_wconf 88' lang='lat' dir='ltr'><strong>observ.</strong></span> <span class='ocrx_word' id='word_1_750' title='bbox 1549 5177 1632 5233; x_wconf 90' lang='lat' dir='ltr'><strong>ieiun.</strong></span> <span class='ocrx_word' id='word_1_751' title='bbox 1649 5178 1695 5233; x_wconf 91' lang='lat' dir='ltr'><strong>ubi</strong></span> <span class='ocrx_word' id='word_1_752' title='bbox 1708 5193 1755 5250; x_wconf 88' lang='lat' dir='ltr'><strong>ge-</strong></span> 
     </span>
     <span class='ocr_line' id='line_1_55' title="bbox 117 5263 1753 5342; baseline 0.006 -24"><span class='ocrx_word' id='word_1_753' title='bbox 117 5263 232 5332; x_wconf 89' lang='lat' dir='ltr'><strong>tionem,</strong></span> <span class='ocrx_word' id='word_1_754' title='bbox 248 5270 275 5319; x_wconf 88' lang='lat' dir='ltr'><strong>et</strong></span> <span class='ocrx_word' id='word_1_755' title='bbox 289 5264 426 5332; x_wconf 80' lang='lat' dir='ltr'><strong>Pontifex,</strong></span> <span class='ocrx_word' id='word_1_756' title='bbox 443 5271 492 5320; x_wconf 91' lang='lat' dir='ltr'><strong>aut</strong></span> <span class='ocrx_word' id='word_1_757' title='bbox 506 5267 634 5338; x_wconf 89' lang='lat' dir='ltr'><strong>princeps</strong></span> <span class='ocrx_word' id='word_1_758' title='bbox 647 5282 701 5323; x_wconf 92' lang='lat' dir='ltr'><strong>non</strong></span> <span class='ocrx_word' id='word_1_759' title='bbox 714 5267 873 5340; x_wconf 91' lang='lat' dir='ltr'><strong>declaravit,</strong></span> <span class='ocrx_word' id='word_1_760' title='bbox 890 5285 920 5327; x_wconf 91' lang='lat' dir='ltr'><strong>se</strong></span> <span class='ocrx_word' id='word_1_761' title='bbox 954 5269 1074 5327; x_wconf 87' lang='lat' dir='ltr'><strong>noralem</strong></span> <span class='ocrx_word' id='word_1_762' title='bbox 1090 5267 1226 5324; x_wconf 88' lang='lat' dir='ltr'><strong>licentiam</strong></span> <span class='ocrx_word' id='word_1_763' title='bbox 1241 5265 1402 5323; x_wconf 89' lang='lat' dir='ltr'><strong>comedendi</strong></span> <span class='ocrx_word' id='word_1_764' title='bbox 1421 5281 1519 5323; x_wconf 89' lang='lat' dir='ltr'><strong>carnes</strong></span> <span class='ocrx_word' id='word_1_765' title='bbox 1535 5265 1559 5320; x_wconf 92' lang='lat' dir='ltr'><strong>in</strong></span> <span class='ocrx_word' id='word_1_766' title='bbox 1583 5273 1660 5324; x_wconf 88' lang='lat' dir='ltr'><strong>sexta</strong></span> <span class='ocrx_word' id='word_1_767' title='bbox 1675 5268 1753 5342; x_wconf 82' lang='lat' dir='ltr'><strong>lesia,</strong></span> 
     </span>
    </p>
   </div>
   <div class='ocr_carea' id='block_1_3' title="bbox 199 5372 1568 5428">
    <p class='ocr_par' dir='ltr' id='par_1_3' title="bbox 199 5372 1568 5428">
     <span class='ocr_line' id='line_1_56' title="bbox 199 5372 1568 5428; baseline 0.002 -12"><span class='ocrx_word' id='word_1_768' title='bbox 199 5373 343 5422; x_wconf 65' lang='lat' dir='ltr'><strong>sanandis</strong></span> <span class='ocrx_word' id='word_1_769' title='bbox 350 5373 443 5428; x_wconf 70' lang='lat' dir='ltr'><strong>unibus</strong></span> <span class='ocrx_word' id='word_1_770' title='bbox 451 5372 537 5416; x_wconf 81' lang='lat' dir='ltr'><strong>-Para</strong></span> <span class='ocrx_word' id='word_1_771' title='bbox 544 5373 573 5417; x_wconf 87' lang='lat'><strong>11.</strong></span> <span class='ocrx_word' id='word_1_772' title='bbox 1304 5375 1305 5378; x_wconf 78' lang='grc'>’</span> <span class='ocrx_word' id='word_1_773' title='bbox 1543 5374 1568 5420; x_wconf 78' lang='lat' dir='ltr'><strong>bl</strong></span> 
     </span>
    </p>
   </div>
   <div class='ocr_carea' id='block_1_4' title="bbox 0 0 2154 6212">
    <p class='ocr_par' dir='ltr' id='par_1_4' title="bbox 0 0 2154 6212">
     <span class='ocr_line' id='line_1_57' title="bbox 0 0 2154 6212; baseline 0 0"><span class='ocrx_word' id='word_1_774' title='bbox 0 0 2154 6212; x_wconf 95' lang='lat' dir='ltr'><strong> </strong></span> 
     </span>
    </p>
   </div>
  </div>
 </body>
</html>
