4190 6234
393 339 435 403 26
1096 358 1196 409 urnun
1211 357 1245 408 v.

354 481 431 538 randi
447 482 559 540 verbum
575 484 645 542 sumi
659 485 686 542 iu
699 483 760 560 lege
774 485 891 559 poenali.
904 486 990 544 Priori
1005 483 1086 543 modo
1099 501 1145 542 sn·
1181 485 1252 560 lare,
1272 486 1322 544 nisi
1333 502 1374 545 ex
1397 486 1511 545 materie
1529 493 1560 552 et
1580 487 1798 544 circumstantiis
1821 487 1891 560 legis
1913 483 1995 541 uliud

353 575 562 648 mitur‚quoties
578 575 653 632 cadit
667 578 695 632 in
709 578 845 635 actionem
859 592 908 650 per
923 576 1005 634 alium
1018 591 1147 633 exerceo·
1180 576 1335 651 colligetur.
1367 577 1440 637 Idem
1458 577 1514 636 iere
1537 584 1579 636 est
1601 577 1635 634 de
1653 578 1736 635 verbo
1759 578 1930 644 subluceat,
1949 577 1996 632 vel

353 662 434 736 dem,
456 669 484 720 et
504 673 571 722 ωηο
592 665 727 740 dicimus,
750 675 856 726 tantum
876 668 1015 726 continere
1031 682 1146 740 poenam
1178 671 1332 736 discurram·
1349 685 1410 727 nom
1425 671 1449 726 si
1464 669 1500 726 illi
1515 667 1677 742 adiungatur
1690 670 1804 740 ipsemet
1816 667 1944 727 ellectus
1961 669 1991 722 in

352 743 505 824 iereudem3
528 757 592 830 quia
605 754 646 812 rel
661 759 806 830 imperium
820 757 888 815 illud
902 773 957 814 non
970 756 1096 830 dirigitur
1112 755 1145 812 od
1182 758 1358 831 particulari,
1380 775 1462 833 quem
1476 760 1517 816 lex
1531 761 1589 832 ipsa
1604 758 1673 815 solet
1686 758 1810 827 efficere,
1826 756 1993 815 continebit

352 844 441 915 ipsum
455 859 548 916 reum,
566 851 598 901 ut
609 861 672 902 cum
686 845 787 904 dicitur
801 846 978 922 expellatur,
995 849 1141 921 privetur.
1179 849 1340 905 seutentiam
1353 848 1445 921 latam,
1458 855 1489 907 ut
1500 850 1522 905 si
1534 847 1619 906 dieat:
1632 847 1795 908 sublucent
1807 863 1993 905 excommu-

353 933 395 990 vel
414 935 436 990 si
456 937 542 1007 possit
555 934 633 1010 dirigi
655 935 688 993 ad
701 952 780 995 reum
796 937 844 1012 (ut
857 954 922 994 cum
937 937 1037 995 dicitur
1050 935 1146 994 solent
1179 940 1336 1006 dicationi,
1356 939 1402 996 oel
1416 943 1554 997 incurret
1565 938 1794 998 inhabilitatem:
1805 942 1826 996 si
1839 955 1912 996 vero
1928 953 1997 993 ver-

354 1029 479 1094 centum,
505 1026 546 1082 rel
566 1027 632 1099 quid
647 1027 756 1098 similet,
770 1034 799 1085 et
813 1029 888 1086 iuxta
902 1027 1041 1085 materiem
1055 1026 1146 1083 subis·
1179 1027 1214 1084 bu
1228 1028 1280 1084 sint
1293 1029 1440 1102 generalia,
1455 1036 1497 1096 ut,
1511 1029 1673 1088 Subinceot
1687 1045 1811 1105 poenae,
1829 1029 1872 1086 vei
1890 1025 1997 1084 cadat

353 1121 427 1172 ctam
440 1115 642 1188 intelligendum
653 1117 756 1199 est,vel
771 1125 846 1175 certe
857 1117 1010 1176 secundum
1022 1116 1144 1175 ordinem
1179 1119 1212 1174 iu
1230 1117 1326 1175 solum
1340 1118 1470 1176 deditum
1479 1135 1602 1193 poenae,
1619 1121 1758 1176 incurvet
1776 1124 1898 1178 rectum
1915 1115 1997 1174 tulis

352 1207 478 1278 iustitiae,
500 1214 645 1288 postquem
669 1209 867 1267 condemnatus
893 1210 988 1282 luerit,
1008 1208 1051 1265 vel
1065 1211 1145 1265 etiarn
1177 1224 1308 1283 poenae.
1326 1209 1367 1266 vel
1388 1209 1454 1283 quid
1476 1211 1574 1282 simile,
1596 1227 1650 1268 nou
1667 1210 1797 1268 inducent
1820 1210 1997 1268 sententiam

353 1304 421 1354 ωηο
439 1297 564 1371 dirigitur
578 1298 732 1356 immediate
748 1301 892 1373 imperium
907 1300 941 1357 ad
954 1298 1146 1359 instruendum
1181 1297 1262 1356 latum
1282 1298 1316 1357 de
1338 1315 1425 1374 poena
1447 1300 1514 1373 ipsa,
1532 1299 1580 1360 sed
1598 1307 1703 1358 tentum
1723 1301 1755 1357 ds
1767 1301 1940 1374 obligatione
1955 1297 1994 1355 ad

353 1385 485 1459 iudicem3
507 1403 570 1445 nom
591 1389 702 1462 perinde
721 1397 780 1461 est,
801 1407 834 1448 nc
848 1391 870 1446 si
883 1391 927 1448 lex
941 1390 1059 1449 diceret:
1076 1390 1146 1446 Con·
1180 1375 1533 1462 ferendampoenain.Unde
1546 1394 1627 1449 etiam
1641 1391 1730 1448 solent
1739 1391 1822 1448 verba
1835 1390 1882 1448 ilia
1896 1405 1989 1446 usur-

330 1501 333 1508 *
352 1479 496 1536 demnetur
517 1479 552 1536 ad
572 1479 732 1538 solvendum
754 1487 877 1551 centum,
892 1487 920 1537 et
935 1481 971 1536 ite
985 1480 1030 1537 illa
1047 1479 1144 1536 solvat.
1180 1483 1237 1552 pari
1255 1477 1329 1537 oir'cn
1350 1497 1450 1553 poeues
1463 1525 1470 1552 ‚
1484 1497 1555 1554 quoe
1571 1498 1620 1555 per
1633 1480 1754 1552 homines
1768 1481 1861 1538 inferri
1876 1481 1991 1547 solent,

352 1569 424 1625 llaec
444 1584 510 1625 vero
530 1567 703 1644 intelligenda
722 1577 786 1626 suut
805 1570 838 1627 de
853 1570 945 1643 poeuis
959 1567 1144 1639 iudicialibus,
1181 1576 1213 1626 ut
1232 1569 1254 1625 si
1276 1569 1393 1628 dicatur:
1417 1571 1579 1630 commeat
1589 1568 1737 1646 flagellis·
1750 1575 1888 1629 discurrat
1902 1569 1997 1628 emilie·

352 1673 402 1714 seu
422 1656 474 1715 lori
487 1659 604 1716 externi:
626 1675 689 1716 nam
703 1659 771 1716 eliae
786 1661 991 1732 praecipiuntur
1003 1658 1143 1716 interdum
1179 1675 1315 1734 poenum,
1330 1670 1387 1718 etc.
1743 1725 1746 1730 ,

352 1751 379 1804 in
401 1747 493 1806 ordine
513 1749 548 1806 ad
568 1749 685 1807 salutern
700 1752 821 1822 animae,
835 1766 905 1823 quoe
919 1757 1034 1823 possunt
1047 1751 1139 1807 statim
1223 1755 1269 1808 18.
1285 1751 1387 1818 Quarta
1400 1750 1495 1825 regula
1509 1757 1551 1810 est
1564 1752 1751 1825 receptissima
1764 1751 1798 1808 de
1813 1752 1899 1809 verbo
1916 1759 1992 1809 tem-

353 1839 483 1913 obligare‚
504 1841 575 1898 utin
589 1839 723 1912 decretis,
738 1856 787 1898 seu
800 1841 950 1897 canonibus
964 1839 1143 1914 poenitentia·
1181 1839 1255 1911 poris
1269 1842 1431 1913 proesentis,
1442 1849 1471 1898 et
1482 1841 1622 1899 indicativi
1635 1842 1717 1914 modi,
1732 1844 1863 1899 nimirum
1878 1842 1990 1914 legem,

352 1929 423 1987 libus
437 1946 517 2004 saepe
530 1931 704 1988 inveniuntur
714 1930 780 1988 baec
792 1930 884 1987 verba:
900 1933 1053 1988 Poeniteut
1063 1934 1146 1988 tauto
1182 1945 1253 2005 quoe
1267 1946 1382 2002 poenam
1394 1933 1481 2003 ipsam
1495 1932 1549 1990 lert
1562 1948 1610 2004 per
1630 1933 1683 1990 tale
1697 1932 1823 2006 verbum,
1840 1934 1995 1989 continere

352 2023 674 2097 temporeteiuoetetc.
688 2021 714 2077 in
728 2021 829 2094 quibus
843 2023 924 2080 etiam
937 2021 1148 2080 discernendum
1185 2023 1346 2077 seutentiam
1366 2021 1459 2093 latam,
1480 2029 1510 2080 ut
1529 2024 1551 2078 si
1572 2023 1657 2081 dicat:
1673 2026 1991 2081 Emcommcntcmmus

351 2117 410 2184 est,
425 2128 459 2170 au
473 2127 520 2184 per
533 2113 647 2170 modum
661 2112 777 2195 consilii,
791 2112 834 2170 vel
849 2116 987 2186 praecepti
1001 2113 1028 2171 id
1039 2119 1143 2170 statua·
1183 2109 1418 2182 bocsaotentcm,
1428 2113 1471 2170 vel
1485 2117 1588 2172 cotom
1601 2113 1747 2188 insumtoe
1759 2113 1806 2171 illi
1817 2117 1991 2180 esurimus,-

353 2211 414 2277 tur‚
433 2203 507 2276 quod
530 2221 563 2261 ex
585 2220 651 2276 usu,
674 2210 702 2261 et
725 2206 941 2262 circumstantiis
962 2203 1147 2278 colligendum
1184 2200 1423 2271 inhabitatorem,-
1433 2205 1599 2278 privemus,
1613 2215 1667 2262 etc.
1680 2206 1752 2262 ilaec
1764 2205 1917 2278 regulaeet
1931 2204 1990 2260 ire·

351 2301 408 2367 est,
424 2295 507 2366 capit.
524 2295 678 2370 Acceptsti,
695 2293 729 2352 de
748 2310 849 2367 sponsa
862 2295 993 2367 duorum,
1008 2295 1090 2366 cepit.
1110 2297 1149 2354 Ut
1185 2291 1312 2364 quentius
1324 2299 1485 2367 recepta,ut
1495 2293 1547 2351 late
1559 2293 1641 2352 reiert
1651 2295 1789 2368 Tirnquel.
1799 2310 1883 2368 supra
1895 2311 1927 2350 η.
1938 2299 1990 2366 21,

351 2399 520 2447 memmae,
536 2383 569 2442 de
583 2393 666 2458 empt.
678 2390 707 2442 et
719 2383 820 2442 rendit.
832 2400 894 2459 cap.
912 2387 1107 2461 Quicumque,
1119 2389 1147 2459 6,
1185 2383 1291 2453 Castro,
1306 2390 1334 2438 et
1354 2381 1397 2440 olii
1412 2383 1536 2442 moderni
1553 2384 1628 2442 illam
1648 2393 1813 2459 sequuntur.
1829 2387 1865 2443 Ut
1883 2392 1989 2443 autem

354 2480 462 2548 quoest.
482 2479 507 2534 t.
1184 2475 1254 2530 retio
1269 2472 1412 2542 reddatur,
1427 2475 1623 2533 advertendum
1644 2487 1697 2544 est,
1711 2476 1788 2533 illum
1803 2476 1921 2534 modurn
1945 2475 1987 2531 lo-

392 2563 537 2621 Posteriori
550 2569 642 2621 numm
656 2562 737 2621 modo
752 2567 871 2623 sumitur
885 2564 998 2623 verbum
1012 2565 1147 2639 imperen-
1185 2561 1296 2636 quendi,
1311 2571 1339 2621 et
1358 2564 1487 2622 inserendi
1505 2581 1619 2638 poenum
1634 2566 1749 2624 mnxime
1771 2564 1871 2624 hebere
1886 2565 1989 2623 locum

353 2653 390 2727 di,
405 2654 510 2728 quotics
524 2653 761 2713 caditimmediate
772 2657 937 2720 ineffectum
950 2656 1053 2728 ubsque
1069 2656 1146 2713 mini·
1185 2655 1210 2711 iu
1232 2653 1274 2710 bis
1294 2655 1399 2727 poenis,
1420 2671 1491 2728 quae
1511 2672 1566 2713 uon
1587 2655 1676 2713 solum
1695 2657 1807 2730 imponi,
1829 2655 1876 2713 sed
1897 2657 1986 2714 etiam

355 2747 438 2802 sterio
458 2745 586 2817 hominis,
601 2745 725 2820 soletque
743 2752 809 2803 tuuc
830 2747 936 2819 passive
950 2748 1087 2820 usurpari,
1103 2753 1147 2818 ut,
1165 2805 1169 2814 ,
1185 2745 1242 2802 lieri
1254 2753 1370 2817 possunt
1379 2745 1641 2819 immediateabipso
1651 2747 1804 2820 legislatore
1811 2747 1866 2803 sinc
1877 2745 1990 2803 actione

355 2840 487 2899 eminet,
507 2838 653 2910 privetur,
676 2835 838 2905 subluceat,
863 2841 1010 2906 incorrat,
1025 2837 1097 2911 fiat.
1114 2839 1150 2894 iit
1185 2837 1236 2906 rei,
1251 2835 1300 2893 sed
1320 2851 1385 2893 cum
1406 2837 1464 2894 sola
1484 2836 1608 2908 passione
1629 2836 1736 2907 morali,
1752 2853 1801 2895 seu
1822 2837 1988 2908 privatione,

356 2933 424 2985 tunc
448 2925 528 2983 etiem
552 2941 606 2983 non
625 2932 717 2998 potest
735 2926 868 3000 generalis
889 2927 984 3002 regule
1007 2929 1146 2985 constitui.
1184 2931 1216 2983 ut
1234 2933 1299 2983 sunt
1324 2942 1426 3000 poenae
1446 2941 1639 3000 censurarum,
1665 2926 1877 3000 inhabilitatem,
1898 2925 1988 2983 conti·

356 3017 447 3073 Primo
471 3015 593 3091 quidem,
612 3017 677 3090 quie
697 3019 851 3088 saepissime
875 3016 964 3075 solent
976 3018 1043 3075 baec
1067 3018 1151 3075 verba
1186 3016 1349 3088 scutiouum,
1365 3016 1529 3091 nuliitntum,
1544 3023 1573 3074 et
1588 3017 1730 3075 similibus.
1745 3019 1781 3074 Et
1793 3033 1868 3080 nunc
1883 3025 1929 3074 est
1949 3016 1991 3072 ia-

356 3107 482 3180 usurpari
496 3123 546 3181 pro
563 3107 679 3179 iuturis3
693 3115 722 3166 et
741 3109 776 3165 ita
790 3107 824 3164 de
844 3108 894 3165 illie
909 3113 1008 3166 tractet
1022 3109 1150 3165 latissime
1184 3106 1245 3163 cilis
1270 3107 1354 3178 retio,
1368 3108 1432 3182 quia
1446 3123 1498 3180 per
1514 3107 1629 3166 verbum
1643 3106 1676 3164 de
1696 3108 1833 3180 praesenti
1851 3107 1989 3180 signifieat

357 3200 448 3271 Tiraq.
466 3213 559 3270 supra,
573 3196 733 3270 nullamque
747 3198 894 3270 specialem
907 3199 1070 3256 mentionem
1089 3200 1153 3257 lecit
1185 3197 1351 3256 sullicieuter
1371 3198 1521 3272 legislator,
1536 3213 1565 3255 se
1580 3197 1647 3255 velle
1660 3213 1709 3270 per
1722 3199 1853 3271 seipsum,
1869 3213 1922 3253 seu
1937 3210 1989 3268 per

358 3287 509 3361 imperativi
524 3287 607 3345 modi.
619 3288 694 3346 Unde
708 3289 817 3360 quando
829 3304 862 3346 ex
876 3289 1012 3346 adiunctis
1025 3291 1153 3346 constitc·
1186 3303 1263 3346 suam
1284 3287 1370 3361 legem
1384 3287 1482 3370 inierre
1493 3286 1575 3346 talem
1589 3301 1715 3360 poenam,
1726 3295 1755 3344 et
1767 3293 1859 3360 potest
1869 3285 1896 3344 id
1912 3287 1988 3344 ince-

357 3380 404 3449 rit,
419 3379 473 3435 tale
488 3377 601 3436 verbnm
616 3379 704 3450 ncoipi
717 3380 744 3435 iu
759 3380 785 3435 vi
798 3378 894 3452 iutnri,
911 3381 1037 3452 superior
1056 3380 1151 3453 regule
1185 3394 1231 3449 τος
1246 3395 1312 3453 ergo
1332 3378 1410 3452 iecit;
1426 3393 1492 3452 ergo
1505 3377 1589 3436 verba
1608 3378 1748 3436 continent
1761 3378 1925 3435 senteutiam
1945 3376 1985 3433 la·

356 3473 385 3527 in
399 3469 443 3527 illo
457 3468 592 3526 servuodn
605 3475 658 3541 est,
670 3475 702 3525 ut
714 3477 834 3526 constat.
850 3472 917 3528 item
931 3472 1039 3543 quoties
1054 3471 1159 3545 siguli,
1182 3475 1253 3546 ¹tam,
1269 3469 1322 3525 imo
1344 3470 1425 3526 etium
1441 3470 1583 3526 continent
1595 3467 1783 3525 executionem
1796 3467 1865 3524 eius.

358 3562 428 3618 cotio
442 3558 525 3617 suerit
537 3558 633 3632 dubia,
648 3562 676 3616 in
692 3561 717 3616 vi
731 3560 817 3617 iuturi
832 3560 1020 3632 accipiendum
1033 3567 1076 3617 est
1093 3577 1151 3617 rer·
1233 3564 1277 3619 19.
1292 3560 1485 3630 Gondrmotur,
1497 3557 1637 3631 quisalius
1648 3557 1732 3614 verba
1741 3555 1901 3630 legislatoris
1914 3573 1985 3614 oon·

357 3651 423 3708 bum
431 3653 506 3708 iuxta
520 3649 847 3722 primumlundamentum
857 3650 930 3706 initio
940 3651 1153 3722 positum.Prae·
1189 3655 1305 3711 linerent
1320 3648 1503 3720 mendacium,
1515 3649 1580 3723 quin
1591 3646 1980 3721 dicit‚v.g.1nlrabtlttamus‚

357 3751 431 3800 terea
442 3743 463 3797 si
472 3741 585 3798 verbum
598 3739 649 3796 tale
659 3746 746 3813 est‚ut
754 3741 838 3813 possit
846 3749 873 3796 et
884 3740 1053 3797 udeliectum
1064 3742 1153 3812 ipsum
1190 3750 1218 3800 et
1232 3759 1284 3800 non
1299 3741 1376 3811 iacit,
1392 3738 1444 3796 boc
1459 3738 1762 3802 autemadmittendum
1775 3754 1828 3795 uon
1842 3749 1894 3795 est.
1912 3741 1985 3808 Quu-

357 3831 557 3904 immediate,et
570 3827 603 3886 ad
615 3831 793 3888 ministerium
804 3830 919 3886 bominis
930 3830 1037 3901 reterri,
1047 3829 1152 3886 etiamsi
1190 3839 1302 3906 propter
1321 3828 1429 3903 quaudo
1445 3828 1511 3902 legis
1532 3842 1620 3902 poena
1632 3828 1694 3886 tulis
1713 3834 1767 3902 est,
1782 3836 1815 3886 ut
1833 3843 1886 3886 non
1900 3828 1988 3901 possit

359 3920 507 3994 imperandi
520 3919 634 3976 verbum
649 3919 694 3992 sit,
709 3918 882 3978 referendum
896 3918 987 3992 potins
1001 3925 1044 3976 ost
1057 3918 1091 3974 ed
1105 3916 1154 3975 bo·
1188 3923 1249 3980 fieri
1259 3918 1411 3979 immediate
1425 3934 1474 3991 per
1493 3919 1577 3992 ipsam
1592 3919 1691 3993 legem,
1707 3917 1754 3975 sed
1769 3933 1816 3990 per
1834 3919 1986 3990 actionem,

360 4015 457 4098 minps,
472 4025 555 4086 quam
569 4011 603 4066 ad
616 4010 741 4081 euectus,
758 4016 788 4065 et
805 4009 956 4066 continebit
968 4015 1075 4067 tanturn
1093 4024 1154 4066 seu·
1189 4013 1232 4070 vel
1248 4010 1423 4068 ministerium
1439 4007 1566 4082 bominis,
1579 4009 1635 4065 lieri
1650 4024 1703 4064 noo
1720 4014 1819 4082 potest,
1831 4015 1863 4065 ut
1876 4009 1920 4066 lex
1935 4009 1987 4066 hoc

361 4103 489 4175 tentiam,
508 4109 539 4158 ut
554 4107 628 4173 patet
641 4101 668 4156 in
681 4099 765 4157 verbo
779 4103 1069 4168 eccommuvticetuv;
1084 4109 1154 4156 sem·
1189 4101 1271 4160 modo
1280 4100 1412 4173 loqrratur
1420 4115 1469 4172 per
1479 4098 1594 4156 verbum
1602 4099 1751 4172 praesentis
1761 4097 1902 4171 temporis,
1912 4097 1990 4173 quod

361 4211 410 4268 per
423 4193 492 4250 enirn
509 4191 630 4249 continet
644 4193 805 4248 seutentiam
817 4189 955 4246 serendam
970 4191 1027 4246 sine
1046 4194 1155 4246 contro·
1189 4193 1287 4250 indicet
1301 4193 1390 4264 ipsum
1405 4191 1533 4246 ellectum
1546 4205 1659 4263 poenae,
1671 4187 1720 4246 sed
1732 4189 1767 4246 ad
1781 4205 1920 4266 summum
1938 4204 1988 4263 per

361 4285 461 4342 veroin.
477 4280 551 4338 idem
565 4282 652 4338 sentio
666 4279 700 4338 de
713 4281 798 4338 verbo
810 4278 992 4348 commitetur,
1009 4282 1151 4346 irritetur,
1189 4282 1302 4340 verbum
1314 4279 1436 4337 iudicans
1447 4277 1890 4354 obligationem,ut,Muvtdumus
1901 4281 1991 4337 resti·

360 4375 510 4453 spolietur,
531 4381 560 4430 et
579 4371 722 4428 similibus.
742 4374 781 4428 lle
796 4372 878 4429 verbo
899 4378 990 4428 nutem
1003 4368 1066 4442 fiet
1086 4370 1157 4426 solet
1189 4377 1278 4439 tuere,
1297 4369 1457 4437 solvere,·et
1468 4377 1534 4426 tunc
1546 4383 1601 4426 nou
1614 4368 1752 4431 credimus
1766 4384 1813 4443 per
1828 4357 1989 4427 huiusmodi

360 4482 422 4524 esse
435 4467 521 4523 maior
540 4462 684 4536 dubitatio,
700 4461 863 4537 plerumque
883 4469 974 4520 autem
996 4461 1101 4518 videtur
1113 4475 1156 4519 re·
1189 4462 1303 4520 verbum
1330 4459 1444 4532 simplex
1463 4459 1607 4532 significari
1633 4459 1793 4518 sententiam
1812 4459 1913 4532 lotam,
1937 4475 1987 4517 nec

361 4557 426 4615 lerri
440 4556 474 4614 ad
494 4555 622 4614 ellectum
635 4553 720 4626 ipsius
741 4552 819 4627 legis,
833 4560 861 4610 et
878 4551 954 4611 illurn
969 4539 1114 4625 imperare,
1128 4556 1156 4608 et
1192 4551 1383 4627 obligationem
1399 4553 1426 4608 in
1437 4550 1617 4624 conscientia,
1629 4557 1690 4608 ante
1702 4551 1864 4608 sententiam
1877 4551 1987 4620 iudicis,

361 4650 422 4707 ideo
434 4646 563 4719 inprimis
574 4644 788 4702 considerandus
799 4644 1048 4716 esttermiuus‚cui
1059 4641 1157 4699 odiun-
1190 4645 1239 4702 nisi
1253 4641 1354 4716 aliquid
1365 4641 1485 4714 amplius
1500 4640 1627 4714 addatur,
1641 4641 1794 4715 obligamus
1806 4643 1833 4698 in
1847 4645 1989 4700 conscien-

278 4759 285 4774 ·
361 4743 446 4814 gitur:
460 4753 522 4794 nam
536 4737 560 4792 si
573 4736 664 4792 solum
674 4735 807 4808 significet
820 4740 939 4804 reatum,
952 4749 1002 4791 seu
1016 4732 1155 4806 obligatio·
1189 4736 1237 4810 tio,
1254 4733 1295 4791 vel
1310 4732 1413 4806 aliquid
1428 4732 1613 4806 aequivalens,
1628 4733 1704 4789 iuste
1717 4731 1832 4789 dicenda
1846 4733 1989 4806 capite-se-

272 4825 277 4832 '
362 4847 435 4902 nem,
451 4835 526 4885 recte
540 4825 636 4898 erponi
650 4830 740 4899 potest
753 4823 786 4882 de
800 4840 886 4898 poena
901 4825 1022 4898 serenda,
1034 4832 1067 4884 ut
1080 4823 1101 4880 si
1113 4823 1155 4880 lex
1190 4825 1293 4900 quenti.
1310 4823 1379 4890 Quin
1392 4820 1459 4878 illud
1482 4821 1596 4878 verbum
1615 4823 1766 4894 praesentis
1780 4820 1915 4879 indicativi
1936 4835 1988 4877 non

362 4921 445 4978 dieat:
463 4921 533 4976 Fiet
552 4916 697 4974 obnoxius
718 4914 775 4972 toll
785 4914 982 4992 poenue,·jint
1001 4914 1156 4988 retemptat
1191 4913 1297 4972 excedit
1310 4914 1366 4970 vim
1387 4911 1461 4968 serbi
1475 4910 1507 4968 de
1528 4912 1664 4985 praesenti
1678 4911 1702 4969 iu
1724 4909 1805 4968 modo
1825 4910 1986 4984 imperandi,

360 5011 481 5077 debitor,
499 5016 528 5068 et
541 5006 652 5066 similis:
674 5007 696 5063 si
710 5013 801 5065 autem
815 5005 897 5064 cadat
916 5022 1000 5080 super
1013 5006 1103 5078 ipsum
1116 5005 1154 5062 ei·
1190 5013 1222 5062 ut
1235 5005 1363 5060 restituat
1375 4999 1561 5074 quadruplum
1575 4998 1679 5068 solvat,
1693 5008 1748 5058 etc.
1761 5003 1869 5060 Dictum
1884 5007 1927 5058 est
1941 5017 1989 5058 nu·

361 5107 475 5174 lectum,
491 5101 631 5158 verisimile
649 5107 703 5171 est,
718 5099 860 5156 continere
880 5098 1043 5155 senteutiam
1058 5096 1153 5170 latent,
1188 5100 1255 5167 tem,
1270 5093 1337 5150 baec
1357 5091 1512 5149 verbanno
1532 5092 1684 5166 significare
1707 5095 1867 5151 sententiam
1889 5093 1984 5163 latam;

314 5166 323 5186 ⁵
360 5197 423 5251 utsi
438 5191 520 5249 dicet:
532 5187 832 5264 reminisceremur
842 5185 1023 5260 nullus;fiat
1034 5189 1154 5248 irritus,-
1190 5197 1255 5257 ergo
1268 5184 1340 5240 idem
1354 5189 1398 5240 est
1414 5181 1561 5240 dicendum
1576 5180 1609 5239 de
1630 5182 1698 5239 aliis.
1714 5185 1804 5256 Atque
1818 5183 1855 5240 ita
1876 5189 1986 5254 possent

354 5286 417 5361 fiot
439 5285 721 5362 escommmnicutus.
737 5281 771 5338 Et
791 5279 843 5337 boc
865 5279 972 5338 ridetur
993 5295 1054 5337 esse
1074 5294 1156 5351 regu·
1191 5275 1288 5350 erponi
1306 5281 1436 5334 suctores
1457 5281 1585 5348 negantes
1600 5272 1670 5332 benc
1691 5273 1824 5347 regulum,
1843 5288 1914 5348 quos
1935 5273 1986 5331 late
