4260 6222
821 403 823 408 Ι
916 328 1023 380 aanor
1037 330 1063 379 1.
1532 333 1533 337 ¹
1694 309 1756 379 515

152 463 199 515 est
220 455 362 525 naturale,
384 461 415 513 ut
432 459 553 526 constat,
568 452 640 512 unde
653 453 735 512 hodie
750 469 803 512 noa
819 459 958 512 servetur.
997 455 1065 512 roias
1082 457 1114 513 at
1125 453 1257 528 ,dicensz
1274 454 1359 514 Dabo
1372 451 1466 529 lepem
1479 467 1579 512 mecm
1592 455 1623 510 te
1635 453 1798 512 visceribus

152 550 278 620 Denique
292 547 333 603 lex
349 545 567 602 circumcisionis
583 544 671 602 multo
686 551 748 601 ante
763 545 883 619 lloysem
899 543 963 602 deta
996 561 1114 613 eornm,
1133 546 1166 604 de
1180 561 1235 620 que
1249 546 1330 603 etiem
1345 545 1535 617 praedixerant
1549 544 1632 601 lseies
1647 561 1708 616 cap.
1726 551 1754 614 2,
1770 551 1799 602 et

151 643 213 704 εει,
230 652 292 692 nam
316 635 376 693 ideo
389 634 489 692 dicitur
504 636 578 692 loen.
598 637 625 699 l,
641 649 695 690 non
709 635 795 690 luisse
808 649 843 690 ex
855 635 958 709 lloyse,
995 635 1114 692 Micheas
1129 651 1190 706 cap.
1205 633 1548 700 absumendarum,
1567 638 1595 690 et
1607 633 1727 691 cahom
1741 636 1797 690 Dei

154 725 205 783 sed
225 742 258 781 ex
280 725 422 797 patribus,
443 725 507 797 quia
525 724 651 781 nimirum
674 723 738 782 deta
755 723 808 780 luit
824 724 960 797 Abrahae,
996 724 1032 782 de
1045 723 1249 792 Hierusalem·
1265 731 1293 780 et
1308 724 1375 780 haec
1389 731 1432 780 est
1446 723 1489 781 lex
1503 740 1584 790 nova,
1596 739 1680 799 quam
1693 723 1796 780 Paulus

153 818 253 872 Genea.
267 818 309 884 ιι,
319 814 365 871 ubi
377 817 450 872 Deus
460 813 534 870 dicit:
545 812 705 872 Custodiae
711 817 837 888 poclum
847 829 963 882 meum,
997 821 1079 871 vocat
1092 814 1174 872 etiam
1188 813 1281 887 legem
1289 811 1374 886 fidei,
1386 813 1420 870 ad
1430 816 1512 871 Rom.
1525 819 1553 882 3,
1565 820 1593 870 ct
1607 812 1733 884 gretiam,
1746 828 1796 869 seu

151 913 210 960 etc.
226 904 279 960 luit
292 919 358 978 ergo
372 903 414 960 lex
430 903 475 959 illa
490 901 578 958 divine
593 908 620 958 et
635 903 761 974 positive,
771 910 800 960 et
810 905 885 974 prior
901 902 960 976 lege
998 903 1086 976 legem
1100 903 1202 976 gratiae
1216 902 1249 959 ad
1263 902 1348 958 Galat.
1367 909 1393 960 5.
1411 905 1522 960 Praeter
1535 902 1583 959 has
1597 917 1663 974 ergo
1677 901 1745 959 duee
1760 902 1797 958 le-

153 995 252 1070 ldoysi.
273 995 302 1049 ln
317 994 487 1049 contrarium
502 1007 568 1048 vero
581 999 641 1060 est,
658 993 721 1064 quia
736 994 757 1049 si
773 992 855 1049 datur
870 991 960 1064 eliqua
995 1009 1044 1066 ges
1060 992 1134 1048 nulla
1149 1003 1191 1050 est
1205 991 1256 1048 elia
1269 992 1331 1049 date
1345 1007 1360 1048 a
1374 994 1445 1063 lle03
1460 1007 1524 1064 ergo
1539 998 1602 1048 ante
1615 992 1715 1066 hlaysis
1728 999 1796 1049 tem-

155 1082 197 1137 lex
214 1083 260 1138 llei
276 1089 338 1137 ente
351 1083 483 1158 lloysem,
495 1081 663 1140 insufficiens
676 1089 720 1139 est
731 1082 826 1138 divisio
840 1082 906 1155 legis
916 1083 959 1138 di·
996 1098 1061 1154 pora
1078 1082 1152 1138 nialla
1166 1082 1218 1139 luit
1232 1081 1273 1138 lex
1288 1081 1388 1139 divine.

154 1172 233 1228 vinee
247 1173 272 1228 in
288 1172 357 1228 duas
372 1170 537 1244 praedictas,
553 1178 580 1228 et
594 1172 779 1244 incompletus
792 1173 898 1228 etiamsi
909 1173 960 1228 erit
1035 1177 1061 1229 ι.
1078 1173 1156 1228 ιιειιο
1171 1179 1262 1228 autem
1281 1179 1339 1240 est,
1359 1172 1424 1244 quia
1437 1170 1480 1229 lex
1495 1170 1650 1228 divinabas
1666 1170 1747 1227 modo
1761 1171 1797 1228 ei·

154 1267 290 1318 tractatus
309 1261 342 1316 de
367 1261 490 1333 legibus,
510 1261 543 1318 de
563 1260 615 1317 illis
629 1261 738 1319 duabus
753 1268 860 1318 tantum
874 1261 961 1318 disse·
995 1263 1105 1334 gnificat
1120 1262 1162 1317 ios
1182 1259 1320 1333 quoddam
1334 1261 1472 1332 integrum
1488 1275 1504 1315 a
1518 1263 1572 1318 lleo
1587 1263 1646 1331 ipso
1662 1261 1792 1331 positum,

154 1350 252 1407 rende.
995 1353 1136 1408 cnodacas
1156 1357 1289 1407 steluturn
1305 1349 1475 1422 religiosum,
1491 1350 1517 1405 in
1531 1367 1587 1424 qua
1602 1349 1725 1406 homines
1740 1350 1791 1406 suh

196 1446 223 1496 2.
241 1441 313 1496 llaee
333 1440 458 1511 queesh'c
478 1438 568 1495 salum
582 1441 721 1510 proposita
734 1447 777 1496 est
790 1439 824 1496 ad
838 1439 959 1510 comple·
995 1441 1180 1514 peculiaribus
1196 1441 1291 1513 signis,
1307 1456 1356 1496 seu
1372 1441 1551 1498 sacramentis
1566 1441 1591 1496 in
1603 1439 1695 1496 ordina
1707 1439 1741 1496 ad
1753 1441 1794 1497 di·

153 1536 278 1586 mentum
294 1529 376 1586 huius
390 1529 550 1600 doctrinae,
569 1536 598 1584 et
612 1538 644 1610 ut
656 1536 783 1600 constet,
800 1530 957 1585 divisionem
996 1529 1089 1585 vinum
1102 1529 1208 1602 pultum
1220 1531 1245 1585 io
1259 1545 1344 1585 unum
1354 1545 1456 1600 corpus
1468 1531 1613 1605 mysticum
1625 1543 1793 1600 congregen-

148 1619 225 1675 illem
239 1635 299 1674 esso
318 1617 518 1679 sufficientem.
534 1617 655 1690 nihilque
670 1618 745 1675 aliud
759 1617 793 1674 de
807 1618 905 1674 divinis
920 1617 957 1673 le·
995 1627 1051 1690 tur,
1062 1619 1113 1676 hoc
1126 1626 1217 1676 autem
1229 1618 1311 1674 modo
1322 1634 1374 1675 non
1387 1618 1499 1675 inerunt
1511 1617 1632 1674 homines
1644 1625 1705 1674 ante
1717 1619 1791 1694 blop-

149 1708 234 1780 gibus
247 1706 426 1762 desideretur.
441 1706 642 1764 Advertendum
657 1715 701 1763 est
713 1722 791 1778 ergo,
808 1723 904 1763 nomen
920 1706 956 1762 le·
993 1723 1051 1766 eern
1072 1707 1226 1779 specialiter
1248 1707 1365 1763 instituti
1379 1723 1395 1762 ε
1411 1710 1482 1774 ben,
1497 1714 1546 1764 eut
1561 1707 1711 1778 specialiter
1726 1724 1791 1763 con·

148 1798 194 1869 gis
209 1795 346 1852 interdum
361 1796 430 1852 sumi
445 1797 470 1850 in
488 1796 512 1850 vi
527 1798 643 1852 nominis
657 1797 811 1866 collectivi,
827 1796 955 1869 irequen·
992 1800 1098 1870 gregati
1118 1799 1144 1853 in
1169 1813 1251 1854 unam
1272 1796 1488 1868 rempublicam3
1506 1811 1572 1869 ergo
1591 1811 1643 1852 non
1658 1797 1790 1868 oportuit,

149 1887 205 1940 tius
220 1891 311 1942 eutem
328 1886 353 1941 in
367 1885 392 1940 vi
408 1887 514 1941 termini
527 1886 691 1941 eommunis.
710 1887 767 1942 Hoc
782 1899 847 1957 ergo
863 1891 954 1955 postc-
991 1895 1052 1944 ante
1069 1885 1135 1942 illud
1149 1894 1258 1957 tempus
1268 1885 1326 1942 dari
1337 1885 1483 1956 specialem
1496 1885 1583 1958 legem
1594 1884 1721 1940 divinam.
1736 1887 1789 1942 hle·

148 1953 217 2030 eriri
232 1974 312 2030 modo
326 1974 428 2032 dicitur
441 1974 474 2030 de
487 1975 600 2048 singulis
611 1975 823 2046 particularibus
834 1974 951 2047 legibus,
989 1977 1031 2032 ior
1043 1976 1108 2031 satis
1119 1973 1254 2032 declarata
1267 1983 1318 2032 est.
1332 1977 1488 2033 liiacreerc
1499 1981 1608 2032 corrstat
1617 1991 1650 2031 cx
1660 1974 1791 2032 discursu

146 2067 233 2133 prout
243 2063 315 2118 illam
327 2063 381 2119 iere
395 2070 452 2120 tota
463 2063 513 2119 hec
526 2063 638 2120 materie
651 2064 856 2138 usurpavimus
866 2065 952 2135 priori
990 2065 1151 2136 scripturae
1169 2079 1282 2132 sacrae,
1297 2072 1327 2121 et
1341 2066 1367 2120 in
1382 2065 1494 2120 melaria
1509 2063 1542 2120 de
1556 2065 1735 2120 sacramentis
1750 2065 1788 2120 le·

95 2170 98 2178 ·
145 2159 241 2209 autem
256 2152 336 2208 modo
351 2153 487 2226 significat
500 2152 699 2210 multitudinem
711 2153 831 2224 plurium
845 2149 950 2224 legum,
988 2155 1042 2210 tius
1057 2154 1222 2224 ostenditur,
1237 2170 1290 2210 non
1305 2153 1388 2210 luisse
1403 2154 1429 2208 in
1443 2153 1489 2209 illo
1504 2153 1591 2224 primo
1606 2160 1728 2225 tempore
1739 2154 1787 2210 da-

146 2249 236 2315 prout
255 2243 289 2299 ab
309 2257 363 2299 uno
385 2240 537 2315 legislatore
552 2241 699 2299 traduntur
714 2243 740 2297 in
755 2241 847 2298 ordine
862 2241 895 2298 ad
910 2244 951 2297 in·
988 2250 1029 2300 tas
1049 2246 1134 2300 abeo
1148 2243 1303 2315 peculiares
1317 2243 1402 2315 leges,
1418 2243 1452 2298 de
1467 2243 1618 2314 sacrificiis,
1633 2251 1683 2300 eut
1697 2260 1790 2301 sacre-

145 2333 329 2402 stituendem,
351 2347 400 2388 seu
421 2331 588 2406 dirigendam
603 2332 722 2406 aliquem
737 2331 948 2403 rempublicam,
988 2333 1096 2401 mentis,
1112 2340 1141 2389 ει
1154 2332 1248 2390 eedem
1263 2332 1332 2389 retio
1346 2339 1390 2388 est
1403 2333 1436 2389 de
1451 2332 1509 2389 aliis
1523 2332 1737 2404 particularibus
1751 2334 1787 2388 ri·

144 2437 196 2476 sen
220 2423 459 2495 congregationem
483 2420 629 2477 humanam
653 2420 808 2478 secundum
830 2421 949 2494 aliquem
986 2423 1070 2494 tibus,
1084 2421 1276 2480 autmaribus.
1290 2424 1325 2480 Et
1336 2421 1396 2479 ideo
1408 2429 1496 2480 totum
1509 2422 1705 2496 illudprimum
1720 2431 1787 2481 tem

143 2510 312 2582 peculiarem
327 2516 446 2583 statum,
469 2515 496 2568 ει
510 2513 562 2567 hoe
578 2510 659 2568 modo
673 2512 810 2583 accipitur
823 2525 904 2581 saepe
918 2512 947 2566 in
986 2527 1039 2582 pus
1054 2519 1172 2569 vocatur
1188 2517 1296 2584 tempus
1307 2511 1374 2583 legis
1385 2519 1511 2584 naturae,
1523 2513 1587 2583 quia
1597 2512 1641 2568 illa
1652 2512 1709 2569 sole
1720 2519 1787 2570 tunc

142 2602 304 2672 Scriptura,
321 2605 352 2655 ut
365 2601 438 2656 loen.
459 2603 487 2656 i:
506 2603 635 2674 lantper
649 2600 785 2675 Moysem
799 2599 876 2656 doto
890 2605 942 2666 est,
985 2600 1104 2672 vigebat,
1121 2601 1172 2657 sub
1187 2599 1233 2657 illa
1248 2599 1504 2672 comprehendendo
1518 2600 1605 2673 legem
1620 2607 1788 2659 connatura-

142 2696 173 2744 et
186 2689 340 2762 saepissime
356 2689 430 2760 apud
445 2688 520 2745 Paul.
531 2691 697 2760 'praesertim
711 2691 737 2744 in
752 2690 832 2761 epist.
844 2687 877 2744 ad
893 2691 946 2746 lio-
985 2687 1036 2744 lem
1050 2692 1172 2764 gratiae,
1186 2697 1217 2747 ut
1231 2705 1316 2761 supro
1329 2688 1375 2746 lib.
1392 2691 1418 2759 l,
1434 2705 1495 2762 cap.
1512 2691 1545 2746 ιιι
1551 2729 1557 2745 .
1573 2689 1718 2748 declaravi.
1736 2692 1786 2750 Ubi

143 2795 219 2834 man.
235 2785 262 2835 et
276 2778 308 2834 ad
322 2778 408 2835 Galat.
425 2785 453 2834 et
470 2780 510 2833 sic
524 2778 604 2834 etiem
619 2777 662 2834 lex
676 2779 778 2852 gratiae
792 2776 946 2849 appellatur
983 2778 1065 2835 eh'ana
1084 2779 1205 2850 ostendi,
1222 2780 1412 2836 necessitatem
1428 2779 1494 2850 legis
1507 2779 1613 2835 divinae
1634 2778 1686 2836 boe
1702 2781 1783 2840 nando

139 2867 192 2924 lea
206 2869 330 2941 spiritus
343 2870 429 2934 vitoe,
442 2874 581 2940 tamquam
597 2883 650 2924 una
667 2867 721 2937 lex,
737 2867 769 2924 ed
781 2871 898 2926 Roman.
917 2876 943 2928 8.
983 2875 1109 2939 sumptae
1124 2884 1176 2925 non
1191 2869 1274 2925 luisse
1293 2869 1482 2924 necessilatem
1501 2868 1671 2940 simpliciter,
1686 2869 1783 2928 sadud

142 2958 178 3012 Et
193 2955 316 3013 similiter
336 2956 377 3012 lex
399 2964 513 3012 naturae
527 2962 667 3029 umquam
682 2972 737 3012 une
751 2955 793 3013 lex
812 2959 946 3030 significa·
983 2957 1079 3014 melius
1101 2974 1178 3022 esset
1196 2957 1268 3030 quod
1290 2957 1451 3014 beneficium
1465 2956 1553 3013 noluit
1566 2960 1637 3014 lleus
1658 2958 1784 3016 conferre

141 3056 203 3103 tur:
225 3049 321 3120 utiquc
337 3062 386 3118 per
400 3045 513 3102 madum
528 3046 608 3102 unius
621 3046 805 3103 collectionis.
821 3049 860 3104 lta
875 3063 944 3120 ergo
983 3045 1137 3105 haminibus
1152 3063 1201 3119 pro
1215 3047 1258 3103 illo
1274 3053 1406 3119 tempore.
1429 3048 1480 3103 Per
1494 3045 1569 3119 quod
1583 3046 1699 3104 solvitur
1712 3050 1783 3106 ratio

140 3137 166 3192 in
182 3137 319 3208 praesenti
333 3135 366 3192 de
377 3136 466 3192 divine
480 3136 538 3208 lege
552 3137 700 3208 loquimur,
710 3144 739 3193 et
749 3138 881 3208 explicate
894 3155 943 3195 no·
982 3135 1123 3192 dubitandi
1144 3137 1167 3192 in
1183 3137 1318 3208 principie
1338 3135 1434 3206 posita.
1451 3135 1507 3191 Gur
1522 3141 1613 3192 autem
1629 3137 1665 3192 ita
1679 3151 1708 3192 se
1721 3153 1783 3209 ges-

141 3225 214 3282 tione
230 3225 318 3294 vocis,
335 3224 421 3282 iecilis
435 3232 477 3281 est
491 3226 659 3297 quaestionis
673 3225 816 3284 resolutio.
981 3226 1049 3280 serit
1062 3226 1134 3281 Deus
1149 3239 1182 3280 ec
1199 3230 1320 3295 ternpore
1339 3239 1405 3280 curn
1425 3222 1597 3292 hominibus,
1612 3222 1675 3280 licet
1689 3240 1782 3296 posse·

179 3315 285 3372 hillen
299 3331 366 3387 ergo
382 3314 550 3386 primo‚ente
563 3316 682 3390 ldoysem
696 3330 750 3370 non
765 3317 849 3373 luisse
861 3331 876 3372 a
887 3318 943 3372 lleo
981 3327 1043 3367 mus
1056 3311 1163 3384 dicere,
1178 3312 1206 3369 id
1219 3312 1316 3368 iecisse
1336 3315 1421 3368 boum
1442 3326 1492 3381 pro
1503 3311 1614 3368 arbitrio
1627 3328 1697 3383 suc,
1715 3329 1782 3370 con·

138 3403 232 3460 datam
246 3404 390 3474 positivam
405 3404 504 3476 legem,
520 3403 600 3476 plure
613 3403 702 3460 divim
717 3411 861 3478 praecepta
876 3420 945 3462 con·
978 3401 1129 3472 gruentiem
1142 3401 1260 3473 aliquam
1271 3401 1384 3456 inieritis
1393 3401 1546 3470 trademus,
1559 3399 1781 3458 cucumstantias

137 3493 285 3562 liuentem,
308 3507 356 3563 per
376 3507 458 3564 quam
480 3491 624 3563 homines,
640 3492 681 3550 rel
696 3494 787 3566 aliqua
802 3496 942 3551 hominum
980 3489 1047 3563 legis
1058 3490 1158 3546 veteris
1168 3487 1337 3561 explicando.

138 3582 317 3653 congregatio
331 3581 356 3636 in
372 3580 501 3652 peculiari
516 3586 588 3637 statu
603 3583 835 3655 unanimitate,
855 3591 883 3640 et
896 3599 943 3656 pe-
1018 3584 1045 3637 5.
1062 3579 1127 3635 ilico
1141 3578 1276 3635 seeundo:
1293 3581 1362 3635 hate
1377 3577 1463 3650 legem
1475 3577 1558 3653 ttopsi
1573 3576 1710 3650 probabile
1723 3587 1778 3652 est,

137 3670 237 3728 culiari
251 3671 333 3727 moda
348 3670 380 3727 ad
395 3671 513 3744 aliquem
527 3671 606 3726 tinem
622 3672 746 3729 ordinate
760 3672 852 3728 luerit.
867 3674 941 3731 liaeo
979 3667 1086 3725 dedisse
1100 3670 1185 3724 beurn
1209 3666 1365 3724 horninibus
1383 3666 1522 3724 interdum
1536 3682 1633 3736 unum,
1649 3668 1691 3724 vel
1705 3669 1780 3728 aliud

137 3761 256 3818 assertio
280 3767 359 3818 certe
376 3767 437 3830 est,
461 3767 489 3816 et
503 3759 672 3818 sufficienter
688 3761 832 3833 probatur,
853 3763 940 3834 primo
979 3757 1117 3828 peculiare
1138 3763 1317 3830 praeceptum
1331 3762 1517 3828 opportunum
1533 3771 1581 3828 pro
1596 3756 1641 3813 iilo
1655 3763 1779 3830 ternpore

136 3850 240 3907 ratione
257 3851 283 3906 in
298 3851 467 3906 contrarium
482 3848 571 3917 ιεειε,
586 3850 650 3921 quia
664 3848 707 3906 lex
726 3850 817 3907 divina
831 3858 941 3923 sumpta
979 3848 1056 3902 iuxta
1076 3847 1219 3903 consilium
1240 3845 1389 3902 voluntatis
1409 3854 1438 3902 ει
1457 3846 1603 3918 sapienties
1623 3862 1699 3904 suee.
1720 3850 1779 3907 Hoc

136 3940 189 3996 hoc
212 3938 291 3996 mado
311 3938 482 3996 sufficienter
496 3936 626 3996 dividitur
641 3940 665 3994 in
684 3938 771 4011 legem
784 3933 901 3998 veterem
914 3946 942 3997 et
979 3936 1097 4009 probant
1110 3934 1160 3992 alia
1173 3935 1297 4007 exempla
1310 3937 1336 3991 ia
1352 3937 1520 4010 argumentis
1533 3936 1664 4010 adducta3
1681 3955 1779 4012 quam-

136 4043 250 4101 novem,
262 4045 295 4086 ex
305 4027 445 4085 communi
457 4028 588 4084 εεειεειιε
599 4027 839 4102 theologorum,et
852 4045 885 4085 ex
899 4028 940 4086 di·
978 4026 1193 4099 quamprimum
1208 4041 1263 4082 non
1279 4024 1395 4083 multum
1410 4025 1444 4082 ad
1459 4041 1517 4082 rem
1532 4032 1701 4097 praesentem
1716 4043 1779 4099 per·

135 4118 198 4173 vina
216 4117 375 4189 Scriptura,
391 4118 418 4172 in
437 4132 489 4190 qua
506 4133 558 4172 non
579 4115 713 4188 legimus,
728 4117 778 4174 nisi
792 4125 840 4175 aut
854 4119 940 4192 legem
978 4117 1079 4188 tinent,
1098 4116 1204 4188 agimus
1224 4116 1294 4172 enim
1312 4115 1345 4172 de
1360 4115 1515 4173 haminibus
1529 4116 1555 4171 in
1570 4122 1646 4174 statu
1659 4123 1777 4174 naturas

136 4215 269 4278 veterem,
290 4213 341 4263 eut
353 4221 460 4262 aorem.
483 4207 602 4263 Priorem
617 4206 724 4280 quidem
739 4209 766 4263 in
782 4214 840 4265 toto
854 4205 941 4265 reteri
977 4206 1077 4280 lapsae.
1095 4208 1164 4264 Cum
1179 4214 1271 4265 autem
1286 4207 1454 4263 innocentiae
1465 4213 1554 4264 statue
1565 4205 1726 4265 lueritadea
1736 4205 1777 4264 di·

133 4297 308 4352 Testamenta
332 4301 508 4365 contentem,
531 4300 644 4366 prepter
669 4295 742 4368 quod
763 4302 850 4354 totum
871 4295 939 4354 illud
978 4313 1087 4369 versus,
1103 4298 1202 4354 mirum
1217 4313 1272 4353 non
1287 4303 1340 4368 est,
1355 4294 1429 4370 quod
1443 4297 1470 4352 in
1485 4296 1530 4353 illo
1541 4297 1777 4370 lueritlexalique

134 4386 274 4443 interdum
292 4384 364 4443 solat
377 4387 486 4440 nomine
502 4383 569 4457 legis
589 4385 749 4456 significari,
765 4393 832 4442 teste
845 4387 941 4444 Hiero·
977 4390 1061 4444 alteo
1076 4387 1164 4458 posita
1178 4384 1216 4443 illi
1227 4387 1310 4443 statui
1320 4385 1537 4443 accommodate.
1551 4384 1650 4444 ileinde
1661 4401 1725 4443 xero
1736 4387 1777 4444 di-

135 4490 220 4549 nymo
236 4477 263 4530 in
277 4476 356 4547 epist.
377 4477 440 4532 ihu.
463 4473 497 4532 ad
511 4474 660 4546 atgestem,
675 4489 703 4547 q.
722 4482 756 4546 8,
774 4476 819 4532 ubi
839 4476 892 4534 late
906 4494 939 4536 ex
976 4478 1078 4549 cimus,
1090 4477 1171 4534 etiarn
1185 4477 1213 4532 in
1227 4475 1272 4532 illo
1284 4481 1359 4532 statu
1370 4491 1425 4533 non
1436 4475 1520 4533 tuisse
1532 4491 1547 4533 e
1558 4477 1612 4532 beo
1624 4475 1719 4532 datum
1730 4477 1773 4533 ius

134 4565 279 4636 Scriptura
293 4564 319 4620 id
334 4564 440 4636 prabet:
453 4579 509 4637 quo
523 4566 602 4620 etiam
619 4563 701 4620 modo
714 4563 809 4622 lsidor.
826 4564 894 4624 libro
912 4574 935 4625 r.
975 4569 1111 4639 integrum
1135 4566 1300 4638 positivum,
1320 4572 1406 4635 prout
1425 4563 1490 4621 illud
1507 4565 1706 4638 explicuimus,
1725 4567 1776 4625 sed

134 4661 254 4712 sentent.
278 4669 339 4723 cap.
357 4659 405 4712 28.
429 4652 514 4726 legem
529 4653 647 4710 divinam
665 4655 692 4709 in
711 4661 768 4710 tres
788 4661 878 4726 partes
898 4655 937 4713 di·
976 4663 1082 4715 tantum
1105 4655 1243 4728 singulare
1257 4654 1396 4730 quoddam
1410 4661 1589 4727 praeceptum
1603 4656 1682 4728 quasi
1697 4656 1724 4711 ln
1739 4656 1774 4711 si·

134 4744 250 4816 stinguit
264 4743 289 4799 in
306 4743 462 4814 historiam,
478 4751 623 4817 praecepta
632 4749 679 4816 ,et
692 4744 859 4817 prophetias.
872 4749 938 4804 Pro·
974 4763 1059 4821 gnum
1079 4746 1224 4818 peculiaris
1243 4745 1419 4803 subiectionis
1437 4750 1464 4800 et
1482 4742 1668 4816 obedientiae,
1690 4750 1718 4802 et
1738 4745 1774 4802 ad

134 4835 193 4905 prie
218 4848 282 4889 vero
306 4833 424 4889 sumitur
447 4849 497 4905 pro
525 4835 687 4892 collectione
712 4843 936 4908 praeceptorum,
973 4836 1133 4894 humilitatis
1147 4843 1177 4892 et
1188 4836 1302 4892 alierum
1313 4835 1447 4891 virtutum
1458 4835 1632 4891 exercitium.
1645 4833 1689 4890 Sic
1700 4835 1773 4891 enim

132 4924 280 4996 praecipue
303 4923 348 4979 ubi
373 4923 477 4980 dicitur
496 4923 539 4980 lex
556 4923 618 4981 deta
639 4941 688 4996 per
701 4928 836 5001 lloyeem,
854 4933 882 4983 at
896 4927 936 4982 sic
973 4927 1112 5000 probabile
1132 4933 1190 4992 est,
1211 4926 1290 4982 etiarn
1311 4922 1413 4996 angelis
1433 4922 1540 4980 dedisse
1560 4926 1646 4981 baum
1660 4921 1772 4995 aliquod

132 5015 217 5070 etiam
236 5012 301 5070 dixit
319 5013 442 5071 Christus
456 5017 525 5072 Luc.
541 5017 594 5074 2⁴:
615 5019 695 5073 Haec
709 5021 779 5073 salat
792 5015 934 5084 verbm...
973 5019 1123 5091 positivum
1140 5021 1318 5088 praeceptum
1332 5012 1366 5069 ob
1380 5012 1481 5070 similes
1495 5027 1607 5084 causes,
1623 5011 1692 5068 utin
1708 5025 1771 5083 pro·

131 5119 209 5177 quac
223 5105 338 5177 scripto
350 5108 419 5161 teret
432 5107 465 5162 ira
478 5103 548 5179 lepe,
559 5109 587 5162 et
597 5103 759 5180 prophetis,
768 5112 797 5164 et
807 5105 936 5182 psalmis
972 5109 1031 5180 pria
1045 5106 1159 5164 materia
1170 5106 1250 5162 latius
1260 5103 1395 5161 dicemus.
1409 5103 1466 5160 lma
1480 5108 1556 5172 eunt,
1568 5102 1614 5175 qui
1626 5109 1769 5168 censeant,

133 5191 170 5250 de
192 5209 250 5252 me.
272 5193 393 5251 Alteram
416 5209 481 5252 vero
508 5196 594 5268 legem
618 5197 745 5269 promisit
767 5199 840 5255 Deus
864 5199 936 5257 lere·
972 5201 1151 5270 praeceptum
1166 5193 1442 5265 illuddatumprimie
1454 5191 1608 5250 horninibus
1620 5191 1773 5250 coaluisse
