4190 6234
425 359 467 426 30
1090 443 1091 449 Ν
1123 375 1224 431 nonna
1238 331 1290 427 v.

384 518 468 577 gnere
481 502 624 578 debemus3
641 491 756 563 maxime
770 503 915 578 quiaillud
929 502 1042 561 verbum
1055 508 1125 562 onte
1136 503 1175 560 in·
1216 502 1331 559 effectus
1347 500 1456 560 illorum
1476 502 1634 559 uerborum.
1648 501 1683 561 Et
1695 500 1791 560 saltem
1806 501 1860 560 boc
1874 502 1959 561 medo
1976 503 2018 561 vi·

384 594 473 654 cludit
492 595 661 670 negotionem
678 597 828 654 sententiae
846 593 947 653 lataea
969 595 1070 653 iudice.
1086 597 1176 668 Atque
1216 592 1299 651 detur
1312 592 1376 650 mibi
1391 592 1437 649 illa
1451 593 1494 650 lex
1507 592 1686 666 observanda,
1703 609 1753 651 nec
1767 610 1848 668 posse
1863 594 1917 653 dici
1930 596 2017 652 abro-

384 685 420 744 ita
433 685 622 759 intelliguntur
641 685 701 743 illae
716 685 790 759 leges
803 701 820 742 a
834 684 922 742 citetis
937 685 1111 742 auctoribus.
1215 689 1277 756 gale
1290 685 1428 741 contraria
1442 682 1656 755 consuetudine,
1671 686 1735 757 quis
1747 701 1799 742 uec
1814 685 1876 742 telis
1890 701 2015 744 consue·

421 779 459 836 At
471 793 537 835 uero
551 777 630 849 Soto,
646 792 730 848 supra
743 775 777 833 ad
791 781 819 850 t,
835 791 920 833 ausus
934 781 976 834 est
990 786 1119 848 carpere,
1129 780 1178 832 nat
1213 771 1280 830 tudo
1298 773 1410 846 probari
1430 779 1531 846 potest,
1555 788 1607 832 nec
1621 772 1765 832 tolerantia
1778 775 1911 849 principis
1925 775 2017 835 sciea-

382 865 578 940 rcprebeadcre
598 867 780 941 legislatorem
794 867 912 938 civilem,
925 881 958 923 eo
973 865 1047 940 quod
1058 869 1176 938 usurpet
1212 867 1247 922 tis
1265 863 1347 921 illam.

382 958 465 1015 rerba
478 957 523 1016 illa
536 959 569 1014 in
582 959 774 1032 conscientia:
788 957 852 1030 quin
866 972 919 1013 non
934 964 990 1028 est,
1004 957 1104 1030 inquit,
1116 970 1176 1012 sae·
1252 957 1277 1011 l.
1294 955 1416 1012 Tertium
1430 953 1585 1028 exemplum
1600 956 1690 1013 allerri
1703 955 1773 1014 solet
1785 971 1820 1013 ex
1834 957 1956 1015 coneilio
1970 957 2010 1014 le·

383 1047 517 1106 cularium
537 1049 690 1120 principum
711 1047 745 1104 de
764 1048 933 1105 conscientie
946 1047 1087 1118 iudicare,
1105 1053 1133 1104 et
1148 1047 1174 1102 in
1210 1046 1345 1103 teraneesi
1366 1044 1418 1102 sub
1432 1047 1521 1102 Leone
1536 1047 1568 1104 ll.
1589 1053 1618 1104 et
1631 1047 1708 1105 blotu
1721 1046 1841 1122 quodam
1854 1047 1892 1105 Pii
1906 1048 1941 1118 V,
1958 1047 2010 1104 ubi

381 1141 441 1197 iure
463 1138 602 1196 communi
623 1138 778 1218 exemplum
797 1138 884 1195 simile
903 1153 959 1194 non
977 1137 1132 1207 invenitur,
1147 1141 1175 1193 et
1209 1135 1302 1192 clerici
1326 1135 1488 1192 beneficiarii
1509 1150 1561 1193 non
1581 1137 1729 1195 recitantes
1742 1137 1864 1194 divinum
1882 1137 2014 1196 ollicium

381 1230 498 1286 tortasse
517 1228 552 1284 ob
572 1243 632 1284 eam
652 1243 711 1285 rem
732 1227 801 1285 tales
823 1226 899 1302 leges
913 1243 967 1284 usu
981 1233 1105 1300 receptae
1120 1241 1175 1282 non
1209 1226 1319 1288 tructus
1333 1241 1426 1282 omnes
1441 1228 1563 1284 omnium
1573 1227 1767 1286 beneficiorum
1781 1227 1894 1303 singulis
1906 1229 2011 1287 diebus

381 1327 455 1378 sunt·
468 1317 520 1377 Sed
533 1324 610 1376 certe
623 1319 744 1376 excessit
757 1319 833 1389 Solo,
850 1318 914 1393 quis
927 1318 1014 1390 leges,
1030 1332 1100 1390 quoe
1116 1331 1174 1374 ma·
1210 1316 1406 1389 respondentes
1425 1332 1475 1388 pro
1489 1324 1550 1374 rata
1566 1318 1712 1378 restituere
1725 1319 1881 1393 obligantur
1895 1319 1920 1376 in
1935 1335 2007 1377 con-

380 1427 433 1484 gna
446 1409 662 1467 consideratione
679 1408 851 1480 conduntur,
868 1424 921 1466 non
936 1414 1053 1480 possunt
1066 1414 1120 1465 tam
1135 1406 1174 1464 ia·
1209 1409 1324 1465 scientio
1335 1451 1342 1479 ,
1355 1408 1444 1465 stetim
1458 1414 1487 1467 et
1500 1407 1604 1483 absque
1616 1409 1669 1468 alie
1681 1407 1870 1469 declaratione
1879 1427 1928 1467 seu
1941 1426 2009 1467 sen·
2087 1433 2088 1444 ¹

380 1501 432 1558 cile
445 1498 617 1572 reprebendi.
626 1499 692 1566 ltem
704 1499 767 1572 quia
778 1499 907 1572 princeps
919 1497 1070 1555 saecularis
1082 1502 1174 1569 potest
1207 1499 1302 1555 tentia.
1316 1500 1356 1556 lta
1369 1499 1441 1556 enim
1451 1514 1512 1556 esse
1525 1498 1592 1558 illud
1606 1507 1834 1576 praeceptum,et
1845 1515 1967 1575 poenem
1983 1502 2010 1560 in

380 1590 500 1666 obligsro
512 1593 540 1647 in
554 1590 730 1660 conscientia,
749 1596 780 1646 ut
794 1605 878 1662 supra
892 1595 1034 1646 ostensum
1049 1594 1102 1660 est,
1118 1603 1169 1645 cur
1185 1625 1186 1632 .
1207 1603 1240 1645 eo
1253 1590 1407 1661 impositam
1421 1590 1606 1664 intelligenda,
1616 1591 1667 1649 late
1682 1593 1789 1651 ostendi
1805 1592 1825 1649 l.
1839 1597 1867 1651 t.
1879 1591 1913 1650 de
1923 1592 2008 1652 Orat.

379 1697 445 1758 ergo
459 1688 570 1754 peccet,
591 1679 748 1754 explicando
762 1679 788 1737 in
804 1685 869 1737 actu
884 1681 991 1754 signato
1006 1694 1087 1736 usum
1100 1676 1172 1735 illius
1207 1691 1268 1749 cap.
1282 1682 1330 1748 29,
1345 1686 1373 1737 et
1387 1683 1433 1736 3⁰.
1450 1679 1503 1737 Sed
1516 1679 1689 1739 nibilominus
1702 1682 1756 1740 boo
1770 1682 1926 1754 exemplum
1943 1699 2005 1742 non

380 1771 521 1846 potestastis
540 1770 573 1828 ed
593 1769 747 1843 superanda
767 1769 937 1843 subterfugia
958 1775 987 1826 et
1010 1767 1172 1842 tergiversa·
1206 1769 1322 1839 pertinet
1334 1769 1442 1841 proprie
1456 1776 1483 1827 ct
1495 1770 1598 1829 directe
1612 1770 1646 1829 ad
1665 1772 1736 1831 benc
1750 1775 1891 1850 regulam,
1913 1791 2006 1848 quam

379 1865 465 1922 tiones
480 1859 639 1920 bominum?
650 1862 706 1919 Noc
718 1860 815 1933 retent,
827 1861 903 1934 quod
917 1859 942 1915 in
956 1858 1016 1916 iure
1028 1857 1170 1916 communi
1206 1857 1287 1916 modo
1307 1862 1541 1935 tractemus,quis
1554 1862 1600 1920 illa
1611 1866 1840 1937 poenaprivativa
1849 1869 1941 1940 potius
1954 1874 2011 1940 ost,

379 1970 434 2010 non
445 1954 600 2010 inveniatur
613 1950 787 2024 exemplum,
803 1951 935 2024 quianon
950 1954 1059 2008 tenetur
1072 1963 1170 2021 supro·
1205 1963 1288 2022 quam
1305 1951 1405 2024 activa,
1421 1959 1454 2010 ut
1467 1953 1508 2010 sie
1521 1951 1622 2011 dicam.
1638 1957 1694 2012 Lex
1706 1956 1776 2014 enim
1792 1957 1837 2014 ille
1849 1958 2010 2018 immediate

377 2059 440 2102 mus
460 2059 508 2101 rex
528 2042 644 2100 iormam
665 2040 849 2123 praecipiendi
870 2055 977 2098 sumere
1001 2040 1172 2098 acommuni
1205 2039 1318 2111 impedit
1344 2041 1553 2116 acquisitionem
1576 2043 1720 2103 fructuum
1741 2045 1864 2105 beneficii
1885 2055 2009 2122 propter

378 2134 452 2205 iure,
467 2132 514 2191 sed
530 2139 621 2206 potest
635 2147 734 2189 novem
747 2130 863 2204 addere,
879 2133 902 2188 si
916 2130 1043 2203 expedire
1055 2129 1168 2188 iudicet.
1205 2132 1376 2190 omissionem
1400 2132 1500 2206 officii,
1521 2150 1576 2207 quo
1595 2137 1685 2208 posito
1699 2137 1890 2209 impedimento
1903 2154 1939 2197 ex
1956 2155 2005 2198 na-

377 2225 456 2294 Quod
478 2225 501 2281 si
528 2223 592 2282 illae
616 2223 690 2296 leges
705 2223 752 2298 (ut
765 2222 866 2296 lentur)
881 2221 924 2279 vel
942 2237 991 2294 per
1006 2221 1170 2295 posteriores
1205 2227 1267 2279 turs
1292 2222 1330 2279 rei
1349 2223 1472 2297 sequitur
1486 2223 1613 2298 obligatio
1626 2232 1755 2299 respectu
1768 2225 1920 2300 fructuum,
1938 2230 2008 2302 quis

377 2314 451 2388 leges
475 2313 567 2388 quoad
590 2312 662 2371 banc
686 2319 791 2386 partem
811 2317 931 2370 mutatae
946 2319 1021 2383 sunt,
1039 2327 1093 2368 non
1110 2309 1171 2368 ideo
1206 2327 1284 2369 nemo
1297 2317 1387 2386 potest
1401 2314 1517 2370 retinere
1531 2314 1580 2371 sibi
1594 2315 1669 2389 quod
1683 2331 1765 2374 suum
1779 2333 1833 2374 non
1847 2324 1899 2375 est.
1913 2319 1949 2376 Et
1965 2319 2006 2378 its

377 2405 438 2478 luit,
448 2405 512 2479 quia
524 2410 616 2462 essent
627 2404 755 2476 iniustae,
768 2401 816 2460 sed
827 2402 890 2476 quia
901 2402 943 2459 vel
954 2400 1094 2459 bominum
1107 2415 1171 2472 pro·
1207 2404 1424 2475 interpretantur
1439 2419 1532 2460 omnes
1544 2403 1610 2463 illud
1621 2412 1810 2479 praeceptum,
1821 2413 1850 2464 et
1859 2406 2003 2481 colligitur

379 2495 464 2554 terrie
479 2493 689 2568 praevaluit,rel
704 2493 871 2565 experientia
884 2491 1069 2563 docuit‚aliud
1084 2491 1170 2564 magis
1206 2499 1299 2566 aperto
1323 2509 1356 2549 ex
1375 2493 1464 2551 verbis
1482 2495 1607 2567 concilii,
1629 2503 1687 2556 tum
1707 2497 1758 2554 ibi:
1779 2496 2004 2570 Beneficiorum

376 2586 513 2661 expedire.
531 2586 568 2643 llt
585 2584 757 2642 nibilominus
775 2585 802 2640 iu
816 2583 963 2640 norissima
978 2582 1170 2654 compilatione
1205 2600 1327 2642 suornm
1335 2580 1460 2656 fructus
1474 2601 1542 2642 snos
1554 2583 1732 2659 nonfnclet,
1749 2593 1809 2646 tum
1822 2589 1941 2647 maxime
1958 2589 2006 2652 ibi:

376 2679 468 2753 legum
487 2675 630 2748 llispenine
643 2674 690 2732 lib.
706 2679 737 2748 2,
752 2677 794 2731 tit.
812 2678 859 2746 te,
873 2672 892 2732 l.
908 2678 934 2748 t,
948 2679 1022 2731 extat
1034 2673 1088 2744 lex,
1100 2687 1171 2747 quse
1212 2677 1368 2748 Tanquam
1380 2677 1489 2732 iniuste
1499 2681 1653 2751 perceptos
1666 2693 1791 2752 cropore
1804 2682 1953 2738 tenentur.
1970 2678 2007 2738 ll-

375 2768 510 2844 probibet,
525 2767 690 2825 secretarios
715 2766 805 2840 regios
832 2780 946 2823 manners
970 2766 1094 2838 recipere
1118 2764 1170 2821 sub
1204 2763 1251 2823 lud
1264 2779 1329 2838 erge
1347 2763 1422 2837 prius
1435 2764 1539 2822 lactum
1553 2771 1595 2823 est
1609 2768 1710 2825 obtule
1723 2767 1794 2824 illius
1808 2767 1886 2843 legis,
1898 2783 2005 2827 secun-

374 2876 462 2934 poena
481 2857 611 2916 reddendi
630 2855 831 2932 quadruplum,
846 2856 968 2914 cumbis
982 2856 1167 2914 circumstan·
1204 2853 1271 2912 dum
1286 2862 1378 2913 eutem
1394 2857 1519 2930 sequitur
1532 2872 1566 2914 cx
1579 2857 1604 2913 vi
1619 2858 1747 2928 institiae,
1759 2875 1813 2916 non
1826 2859 1890 2934 quia
1903 2876 1955 2933 per
1970 2877 2002 2918 se

375 2952 433 3009 tiis:
455 2952 543 3024 prima
556 2956 589 3007 ut
601 2950 693 3005 iurent
706 2947 776 3004 banc
790 2961 904 3020 poenam
919 2946 1041 3019 solvere,
1058 2946 1121 3001 siin
1136 2945 1170 3003 il·
1208 2952 1237 3004 et
1248 2946 1404 3003 immediate
1419 2948 1444 3002 in
1458 2961 1573 3018 poenam
1589 2947 1749 3020 impositum
1763 2949 1807 3006 sit.

374 3042 428 3100 lam
443 3039 601 3110 inciderint,
618 3036 741 3095 secunda
751 3053 784 3095 ex
796 3051 869 3094 nunc
884 3038 912 3092 ia
926 3035 971 3092 ille
982 3034 1167 3093 condemnan-
1244 3038 1335 3116 Dices,
1351 3037 1486 3094 interdum
1501 3053 1534 3094 ex
1548 3037 1573 3094 ri
1591 3038 1663 3096 illius
1677 3038 1743 3113 legis
1756 3040 1944 3098 beneficiarius
1961 3052 2002 3100 te·

374 3137 434 3202 turq
451 3131 530 3189 tertio
541 3129 708 3201 declaratur,
722 3135 755 3185 ut
765 3125 799 3185 ad
809 3127 882 3185 illam
893 3125 1051 3184 soluendam
1062 3129 1090 3184 in
1101 3143 1168 3184 con·
1205 3135 1287 3187 netur
1301 3145 1331 3186 se
1351 3128 1467 3201 spoliare
1485 3127 1622 3188 tractibus
1641 3131 1694 3196 iam
1715 3133 1864 3204 perceptis,
1877 3138 1907 3189 et
1924 3148 2001 3206 quos

374 3219 488 3279 scientia
503 3226 661 3290 teneantur,
678 3217 754 3276 nulle
768 3223 912 3290 expectata
925 3215 1163 3275 condemnatione.
1204 3235 1268 3277 rere
1282 3219 1385 3277 iecerat
1395 3234 1471 3291 suos,
1486 3226 1517 3276 ut
1528 3219 1551 3280 si
1562 3221 1624 3291 quis
1634 3233 1757 3292 grossam
1769 3220 1890 3280 beneficii
1903 3223 2005 3297 acqui·

372 3315 410 3370 lle
433 3326 488 3385 qua
513 3309 572 3384 loge
597 3311 678 3388 etiam
702 3308 772 3366 solet
794 3307 929 3380 dubitari,
955 3323 989 3364 nn
1009 3307 1044 3364 sit
1057 3313 1168 3380 recepte
1183 3374 1186 3378 ,
1202 3312 1289 3384 sierit,
1300 3316 1329 3367 et
1342 3309 1485 3382 receperit,
1499 3309 1558 3367 iure
1571 3308 1644 3366 illam
1655 3311 1773 3383 occepit,
1785 3317 1813 3368 et
1826 3311 1890 3370 iecit
1904 3329 2000 3371 suem:

372 3401 463 3475 quoad
483 3399 553 3457 banc
573 3405 693 3472 partem,
716 3415 766 3455 seu
786 3397 919 3471 abrogata
934 3412 983 3469 per
996 3399 1163 3456 contrariam
1200 3409 1229 3459 et
1250 3399 1424 3458 nibilominus
1445 3400 1466 3454 si
1487 3405 1582 3472 postea
1600 3399 1716 3457 recitare
1736 3401 1840 3458 desinet
1860 3402 2001 3476 aliquibus
2048 3457 2057 3470 ,

372 3490 614 3560 consuetudinem,
637 3495 717 3547 etan
736 3488 822 3561 possit
842 3488 868 3544 in
893 3486 936 3544 illa
959 3486 1059 3545 babere
1074 3487 1166 3545 locum
1201 3491 1261 3547 euni
1288 3489 1405 3562 diebus,
1434 3494 1544 3546 tenetur
1568 3495 1673 3561 partem
1694 3506 1805 3563 grossae
1829 3490 1879 3548 illis
1898 3491 1999 3552 diebus

371 3583 522 3655 expositio,
543 3586 577 3637 ut
595 3594 649 3636 non
668 3577 797 3636 excludat
809 3579 1000 3634 necessitatem
1015 3577 1165 3635 sententiae
1199 3595 1248 3653 pro
1274 3585 1332 3636 rata
1352 3579 1559 3650 respondentem
1571 3580 1726 3652 restituere,
1742 3581 1818 3638 iuxte
1836 3579 2003 3640 declaratio-

370 3671 580 3742 declerstoriae,
591 3676 619 3727 et
631 3667 741 3743 quidem
755 3669 808 3725 boc
823 3667 961 3741 posterius
973 3667 1051 3724 velde
1064 3668 1164 3741 proba·
1198 3685 1260 3726 nem
1275 3675 1368 3742 operte
1378 3668 1477 3725 lectam
1490 3684 1506 3724 n
1517 3669 1564 3725 Pio
1579 3669 1613 3741 ll3
1629 3684 1694 3742 ergo
1709 3673 1831 3728 nescitur
1844 3670 1911 3729 boec
1926 3671 2001 3732 obli·

371 3765 422 3822 bile
443 3763 561 3820 ridetur.
573 3761 640 3817 Tum
661 3761 726 3833 quie
746 3775 801 3815 non
818 3757 886 3816 dicit
902 3761 972 3816 ante
985 3761 1164 3816 sententiam
1198 3761 1271 3832 gatio
1292 3757 1445 3816 immediate
1458 3773 1492 3814 ex
1505 3759 1644 3831 punitione
1658 3758 1736 3833 legis,
1745 3776 1798 3817 noa
1811 3777 1844 3818 ea
1857 3761 1910 3820 elie
1923 3764 1997 3820 obli-

370 3851 506 3924 nbsolute,
523 3851 571 3908 sed
582 3854 651 3908 ante
661 3846 933 3906 condemnationem
947 3864 996 3905 seu
1009 3865 1068 3904 non
1080 3863 1165 3923 expe·
1198 3849 1305 3923 gatione
1322 3849 1451 3906 iustitiae.
1461 3847 1513 3906 Sed
1528 3847 1579 3905 boc
1590 3847 1654 3906 nihil
1665 3849 1764 3921 obstat3
1773 3866 1834 3908 nam
1846 3851 1912 3909 buco
1924 3853 1997 3912 obli·

370 3947 455 4000 cteta
475 3939 735 4006 eondenmationm
750 3945 809 3994 tum
823 3937 915 4008 etiam,
931 3939 996 4010 qaia
1010 3937 1076 3995 licet
1087 3936 1162 3994 dicat
1198 3940 1272 4012 gotio
1286 3936 1446 4012 restituendi
1462 3943 1566 4009 partem
1582 3936 1651 3996 illam
1662 3955 1696 3995 ex
1706 3938 1802 3998 eodem
1816 3941 1888 3999 sonte
1900 3949 1929 3998 et
1944 3958 1996 4000 co·

316 4047 323 4062 ⁸
369 4051 408 4092 esc
419 4049 512 4093 nunc,
537 4044 592 4087 non
606 4029 681 4086 addit
692 4045 747 4102 pro
759 4032 893 4096 tuno‚·et
906 4030 945 4085 ite
957 4027 1023 4084 lieet
1037 4026 1080 4084 lex
1094 4029 1164 4085 ierat
1198 4029 1260 4087 dem
1281 4027 1364 4086 modo
1383 4028 1514 4086 nascitur.
1534 4028 1829 4103 Gumcnimexpresse
1846 4033 1997 4092 concilium

370 4123 528 4182 senteutiam
547 4119 812 4188 condemnatoriam,
827 4134 881 4175 non
894 4117 1020 4192 designat
1035 4123 1158 4191 tempus,
1198 4119 1287 4176 dicat:
1304 4123 1432 4177 mucius
1447 4135 1515 4176 snos
1529 4111 1708 4190 consociat,
1724 4119 1776 4178 sed
1788 4137 1836 4179 eos
1847 4127 1998 4197 tunquam

369 4229 488 4290 proquo
504 4212 576 4269 illam
590 4212 654 4282 lert,
667 4225 718 4267 nec
732 4208 854 4267 excludit
868 4208 1163 4267 sententinmdeclara·
1197 4212 1308 4268 iniuste
1326 4212 1477 4282 perceptos
1494 4224 1553 4284 pro
1572 4212 1645 4266 roto
1666 4213 1820 4269 restituere
1843 4219 1993 4286 tenentur,

370 4306 481 4363 toriam.
494 4304 561 4360 Tum
576 4301 704 4375 denique,
716 4300 779 4374 quia
792 4299 874 4356 etism
888 4299 941 4356 hoc
956 4297 1039 4355 modo
1054 4305 1108 4354 tem
1122 4299 1164 4354 iu·
1200 4307 1228 4356 et
1240 4301 1305 4357 Pius
1315 4299 1347 4356 V.
1363 4314 1417 4356 non
1432 4304 1529 4370 mutet,
1542 4313 1593 4356 uec
1612 4309 1711 4374 augeat
1723 4301 1933 4379 bancpoenem,
1946 4309 1997 4366 sed

369 4402 540 4465 rumentum,
561 4407 645 4466 quam
666 4389 771 4464 reliquo
783 4390 868 4448 rerba
880 4389 979 4446 babent
994 4403 1107 4462 magnos
1122 4387 1161 4445 el·
1199 4396 1305 4452 tantum
1319 4397 1408 4447 rutam
1424 4388 1496 4445 illam
1510 4387 1650 4462 declaret,
1666 4406 1720 4448 aon
1734 4408 1880 4464 possumus
1894 4412 1945 4452 nos
1960 4398 1996 4455 ad

369 4488 474 4559 lectus3
497 4499 559 4542 nam
573 4484 676 4540 ratione
694 4482 840 4539 iuramenti
859 4486 968 4538 tenetur
982 4480 1053 4554 quis,
1071 4481 1163 4537 statim
1198 4481 1318 4554 aliquam
1332 4479 1529 4539 restitutionem
1546 4478 1668 4553 obligare
1682 4499 1714 4539 ex
1729 4485 1754 4539 vi
1767 4483 1839 4541 illius
1854 4486 1932 4560 legis,
1944 4489 1996 4547 nisi

369 4594 402 4635 ac
419 4576 577 4634 declaretur
598 4573 632 4630 de
647 4568 777 4644 e'rimiue,
793 4569 896 4628 solvere
910 4568 1096 4644 quadruplum
1111 4568 1162 4626 sub
1197 4570 1294 4628 eodem
1318 4569 1398 4627 ruodo
1418 4577 1446 4628 et
1469 4569 1559 4627 titulo.
1574 4571 1640 4628 llice
1653 4587 1734 4646 ergo,
1750 4589 1783 4631 ex
1797 4576 1822 4631 vi
1836 4575 1908 4634 illius
1923 4579 1995 4653 legis

370 4682 456 4742 poena
475 4664 605 4738 periurii3
625 4676 677 4719 nec
698 4667 789 4734 potest
807 4660 949 4718 occultare
963 4661 1045 4730 bons,
1062 4659 1161 4734 quibus
1197 4665 1300 4721 lactum
1317 4676 1394 4731 esse,
1409 4667 1442 4718 ut
1456 4660 1568 4718 indicto
1582 4665 1651 4720 cetu
1666 4679 1719 4720 oon
1737 4666 1868 4739 percipiat
1879 4667 1994 4728 tructus

370 4762 457 4829 potest
471 4756 577 4813 solvere
591 4767 717 4827 poenam,
732 4751 786 4809 imo
800 4762 850 4809 nec
862 4757 952 4825 potest
966 4767 1062 4826 aegere
1073 4765 1161 4824 quon·
1198 4769 1293 4811 omncs
1312 4767 1445 4826 grossae,
1469 4752 1519 4808 nisi
1539 4753 1591 4810 sub
1613 4752 1770 4812 conditione
1789 4762 1818 4814 et
1839 4773 1921 4816 onere
1935 4776 1991 4820 non

369 4850 474 4908 titatem
490 4861 655 4916 munerum,
670 4859 739 4919 qnae
754 4845 876 4918 recepit,
892 4843 997 4900 etiamsi
1011 4843 1037 4899 in
1051 4848 1159 4900 senten·
1196 4843 1336 4903 omitteadi
1359 4842 1550 4914 peccaminose
1573 4841 1694 4902 diuinum
1718 4844 1850 4906 officium.
1865 4848 1942 4908 Unde
1968 4855 1991 4912 si

370 4942 407 4998 tia
430 4955 484 4997 non
508 4936 680 5008 declaretur,
706 4935 754 4992 sed
771 4940 878 4991 tantum
896 4933 998 4991 crimen
1014 4932 1162 5006 recipiendi
1196 4943 1263 4994 tuoe
1283 4935 1435 5006 recepisset
1454 4947 1579 5006 grossam
1593 4939 1756 5010 totamcum
1772 4939 1863 4998 animo
1875 4955 1931 4998 non
1946 4959 1992 5002 re-

369 5045 493 5089 munera.
509 5030 576 5086 ltem
595 5024 629 5083 ad
641 5024 695 5082 boc
708 5025 790 5083 etiam
804 5025 904 5097 obligat
917 5023 963 5082 illo
978 5024 1021 5082 lex
1034 5039 1085 5081 sue
1099 5039 1161 5097 pro·
1195 5023 1295 5083 citandi
1321 5023 1416 5081 decena
1430 5021 1542 5091 dicbus,
1568 5023 1663 5081 iniuste
1677 5029 1838 5101 recepisset,
1853 5047 1991 5108 suamque

368 5121 428 5196 pria
442 5118 468 5175 ai
481 5123 588 5192 praeter
599 5116 791 5189 obligationem
802 5115 945 5172 iuramenti
956 5135 964 5189 ς
977 5116 1029 5171 imo
1041 5115 1077 5172 ita
1091 5112 1160 5171 obli·
1195 5131 1250 5174 non
1269 5116 1381 5173 iecisset
1398 5119 1505 5186 partem
1524 5112 1614 5187 illam,
1639 5126 1806 5191 repugnante
1821 5119 1879 5195 lege
1897 5128 1993 5184 conci·

368 5217 430 5287 gat,
451 5217 497 5282 ut,
519 5209 591 5274 iacta
608 5205 791 5264 declaratione
808 5204 917 5276 delicti,
932 5203 1025 5262 nullus
1038 5203 1160 5262 interiori
1196 5203 1237 5266 lii.
1249 5204 1363 5274 Quando
1378 5219 1444 5278 ergo
1459 5203 1531 5261 bono
1545 5203 1634 5262 animo
1652 5212 1681 5263 et
1693 5209 1834 5280 proposito
1848 5217 1933 5271 totam
1947 5233 1992 5276 re-

368 5301 449 5363 iudex
469 5302 555 5377 possit
573 5297 643 5357 illam
664 5296 801 5370 minuere,
823 5295 870 5370 qui
887 5301 931 5354 cst
947 5297 1029 5355 ctiam
1044 5311 1160 5368 magnus
1195 5297 1262 5372 cipit
1280 5296 1360 5370 quasi
1379 5294 1525 5368 anticipata
1539 5294 1685 5371 solutione,
1700 5313 1778 5357 susm
1789 5296 1898 5376 quidem
1911 5305 1987 5382 lacit,
