4290 6222
413 320 477 387 too
1107 333 1209 384 arasa
1223 335 1299 386 vm.

373 462 553 532 auctoribus,
573 459 702 543 sufficere
720 458 873 517 clausulam
887 456 1117 531 aequipollentem
1130 458 1183 516 illi
1208 475 1328 533 purum,
1345 459 1401 517 siae
1417 461 1573 518 narratione
1588 459 1670 530 iacti,
1684 466 1714 516 et
1728 459 1785 516 sina
1800 457 1895 532 aliquo
1910 457 1966 516 alio
1981 460 2017 515 si·

372 567 411 608 em
425 556 507 608 cerlo
522 553 659 618 scientie,
678 550 769 622 qualia
783 555 913 606 causetur
926 565 986 606 esse
1002 549 1047 605 illa
1062 547 1097 605 de
1109 547 1171 622 pie·
1207 565 1261 621 gno
1272 549 1434 606 alterutram
1448 557 1555 622 partem
1569 550 1716 619 indicante,
1729 548 1894 605 censendam
1913 564 1977 604 esse
1990 549 2015 604 ia

373 639 507 698 nitudtne
525 641 694 711 potestatis,
718 655 752 696 ex
773 641 898 695 Panorm.
917 641 999 695 Decio
1012 678 1019 709 ,
1034 645 1063 694 et
1077 639 1171 695 Felino
1206 637 1293 694 iorma
1305 639 1537 707 communiQuaa
1550 645 1593 696 est
1607 639 1780 696 communior
1795 637 1930 694 sententis
1947 638 2015 693 iuri·

373 746 473 800 supra3
490 731 536 802 qui
549 728 657 798 dicuat,
672 727 824 784 clausulam
838 743 876 784 em
890 731 974 784 certa
986 729 1113 784 scientia
1127 729 1168 782 ia·
1207 731 1322 792 starum,
1335 733 1365 784 ut
1380 725 1469 784 ridere
1483 727 1548 784 licet
1560 727 1586 783 in
1601 725 1722 799 Tuscho,
1736 731 1843 796 tomi,
1859 725 2016 795 lit.C‚con·

372 818 485 878 cludere
505 818 593 889 illam,
608 833 641 874 ex
656 817 817 888 plenitudine
833 817 993 888 potestatis,
1009 831 1062 872 nan
1077 815 1170 873 deela-
1208 815 1245 871 cl.
1261 818 1326 884 708,
1341 821 1423 887 n,l⁰,
1433 822 1461 872 et
1475 816 1663 888 sequentibus.
1673 817 1709 872 Et
1722 829 1822 872 censeo
1837 829 1899 870 esse
1917 831 2014 870 verum

372 914 435 966 rant
449 911 819 978 autem,aa'coarertantur.
830 906 913 978 llagis
926 920 991 961 vero
1005 905 1030 961 id
1045 904 1171 961 declarat
1207 919 1261 960 non
1276 905 1367 962 solum
1383 907 1410 961 io
1429 905 1576 978 privilegiis
1591 907 1743 961 contraius
1765 905 1847 978 ilicet
1859 906 1885 959 in
1913 901 1966 959 illis
1980 904 2016 961 sil

372 997 543 1063 Alex.lib.i,
556 995 654 1052 consil.
667 1000 875 1067 122,anm.22,
891 1002 919 1050 et
932 993 1017 1063 lib.5,
1033 998 1171 1063 coas.3tl,
1207 993 1294 1050 multo
1315 996 1435 1066 certius,
1458 994 1598 1066 magisque
1619 992 1788 1065 receptum),
1810 991 1859 1048 sed
1883 995 1966 1050 etiam
1986 995 2014 1048 in

372 1091 439 1158 mil,
454 1088 517 1159 quia
532 1101 579 1157 per
592 1085 663 1142 hooc
679 1085 831 1141 clausulam
844 1082 1127 1157 significatPontilea,
1140 1097 1169 1138 se
1207 1083 1316 1140 ceteris.
1338 1083 1416 1140 Ratio
1437 1083 1570 1155 generalis
1586 1090 1650 1156 ast,
1673 1084 1738 1156 quia
1759 1082 1824 1139 licet
1850 1082 2013 1140 maeonium

372 1175 441 1232 velle
457 1177 579 1246 operari,
596 1191 648 1231 oon
663 1180 767 1230 tantum
782 1173 936 1230 secundum
951 1179 1098 1229 commune
1117 1172 1170 1243 ius,
1207 1171 1338 1243 principis
1353 1172 1389 1227 sit
1409 1172 1462 1228 late
1479 1171 1734 1243 interpretandum,
1757 1186 1811 1226 aon
1829 1179 1919 1226 tamen
1941 1171 2014 1227 ultra

371 1264 419 1322 sed
438 1265 519 1322 etiam
540 1280 640 1336 supra,
654 1265 696 1320 rel
717 1270 813 1321 contra
833 1263 1002 1320 ordinarium
1018 1265 1074 1334 ius,
1097 1261 1173 1334 quod
1209 1261 1402 1335 proprietatem
1430 1261 1597 1330 verborum3
1620 1261 1668 1317 sed
1689 1259 1806 1316 verbum
1833 1260 2014 1317 confirmandi

371 1371 425 1412 noa
449 1355 634 1425 praesumitur
655 1354 756 1424 iacere,
776 1354 827 1410 nisi
847 1367 879 1409 ea
900 1360 978 1410 certa
997 1351 1119 1409 scientia.
1136 1353 1171 1408 Et
1209 1366 1278 1422 pure
1291 1350 1426 1423 prolatum
1438 1366 1491 1408 aon
1502 1357 1546 1407 est
1556 1351 1671 1407 verbum
1680 1349 1811 1418 donandi,
1833 1364 1884 1405 nec
1896 1348 2012 1406 leniendi

370 1443 466 1500 eadem
483 1444 590 1499 ratione
610 1449 738 1500 censetur
756 1442 886 1498 sulficere
906 1441 1031 1508 clausula
1044 1456 1104 1496 nora
1123 1440 1173 1496 od·
1207 1439 1308 1514 aliquid
1323 1440 1356 1498 de
1371 1457 1440 1497 auro
1456 1441 1625 1513 simpliciter,
1639 1438 1688 1496 sed
1704 1446 1808 1496 lantum
1828 1438 2011 1511 approbandi,

371 1537 469 1590 stnrrtc
488 1531 550 1606 lege
570 1531 742 1605 disponente
754 1535 787 1588 irs
807 1533 1008 1597 contrarium,
1027 1529 1089 1602 quia
1104 1536 1171 1587 tuae
1206 1529 1280 1601 quod
1297 1529 1401 1586 lactum
1421 1536 1479 1599 ast,
1496 1536 1527 1585 ut
1540 1536 1633 1601 aperte
1649 1529 1815 1600 supponitur
1828 1527 1855 1582 in
1874 1543 1902 1583 ο.
1912 1530 2006 1594 Inter,

371 1628 503 1680 censetur
519 1623 601 1678 etiam
616 1624 655 1679 uti
671 1622 836 1694 plenitudiue
850 1622 1010 1692 potestatis,
1028 1625 1058 1676 ut
1072 1620 1109 1676 ait
1123 1621 1173 1675 Fe·
1205 1616 1304 1676 deiide
1319 1619 1448 1675 instrum.
1462 1624 1649 1688 accelerem,
1668 1625 1697 1675 et
1709 1625 1725 1684 s
1735 1633 1804 1674 cunr
1816 1619 1926 1689 tyllam·
1941 1633 2011 1690 ergo

371 1713 417 1769 lia.
435 1713 463 1769 in
477 1711 551 1769 dicto
566 1729 628 1784 cap.
644 1714 721 1770 Cum
733 1715 821 1779 inter,
840 1727 868 1766 n.
882 1712 908 1767 7.
924 1713 950 1766 in
964 1710 1027 1778 lina,
1042 1716 1071 1764 et
1086 1711 1112 1765 ia
1131 1707 1172 1764 di·
1205 1723 1259 1764 noa
1279 1709 1348 1780 plus·
1361 1714 1493 1780 operatur
1513 1708 1626 1764 verbum
1646 1705 1713 1764 illud
1733 1721 1781 1778 par
1802 1721 1831 1762 se
1856 1712 2009 1780 sumptum,

371 1809 418 1860 cto
436 1800 629 1868 edomandi,
647 1801 765 1858 tollentia
779 1804 808 1868 i,
827 1799 872 1856 ulii
887 1798 939 1856 late
955 1798 1008 1855 hoe
1028 1797 1171 1871 prosequi-
1205 1798 1311 1854 etiamsi
1327 1796 1392 1854 illud
1405 1797 1458 1853 late
1474 1797 1643 1868 interpretari
1657 1795 1786 1867 velimus,
1804 1793 1851 1850 sed
1865 1797 1892 1851 ia
1908 1796 1961 1852 hac
1977 1795 2012 1851 si·

369 1898 429 1949 tur.
444 1890 521 1948 nudo
536 1889 661 1963 denique,
677 1890 747 1946 hane
761 1889 915 1946 clausulam
930 1888 1114 1945 communiter
1127 1889 1172 1944 in·
1205 1887 1495 1958 gnidcatioaatantum
1508 1886 1629 1943 continet
1639 1885 1873 1941 confirmationem
1883 1886 1911 1940 in
1922 1885 2010 1942 lorma

370 1981 455 2052 talligi
472 1980 640 2037 descientia
659 1979 742 2051 iacti,
763 1995 824 2035 nam
845 1980 960 2036 scientia
973 1977 1041 2034 iuris
1063 1991 1171 2048 semper
1208 1978 1366 2048 communi,
1388 1991 1460 2050 erga.
1482 1977 1518 2033 Et
1538 1975 1591 2032 hoc
1611 1975 1696 2049 magis
1710 1991 1743 2031 ea
1763 1975 1943 2048 sequentibus
1964 1991 2012 2048 pa·

370 2071 556 2144 praesumitur
571 2067 1171 2142 iacaudrmatione,quaaiitercertascien·
1205 2066 1281 2123 tebit.

370 2161 420 2230 tia,
430 2161 494 2233 quia
505 2160 633 2230 princeps
646 2158 727 2215 habet
741 2159 783 2216 ius
797 2157 823 2213 in
837 2162 998 2230 pectore,et
1012 2155 1079 2212 illud
1093 2157 1171 2228 igno·
1244 2161 1270 2214 8.
1288 2157 1333 2212 llis
1352 2169 1419 2230 ergo
1433 2156 1596 2227 suppositis,
1610 2154 1682 2211 duae
1702 2160 1767 2210 sunt
1780 2169 1944 2212 communes
1968 2170 2013 2211 rs·

370 2263 432 2304 rare
447 2264 499 2304 aon
520 2249 722 2320 praesumitur,
738 2264 765 2304 c.
785 2253 809 2304 1.
825 2233 859 2302 de
878 2245 988 2301 constit.
1001 2245 1028 2300 in
1051 2249 1079 2314 6,
1095 2245 1169 2318 quod
1204 2242 1382 2318 gulae.Prior
1393 2251 1449 2315 esi,
1461 2245 1631 2302 confirmatio
1643 2243 1775 2315 privilegii
1787 2245 1813 2299 in
1827 2241 1916 2300 iarma
1934 2259 2012 2301 ccm-

371 2337 397 2392 ia
413 2337 556 2409 privilegiis
570 2352 665 2393 omnes
680 2337 843 2405 admittant,
858 2335 963 2392 etiamsi
977 2351 1032 2391 noa
1046 2335 1071 2390 iu
1087 2335 1171 2390 omoi-
1206 2335 1280 2391 muni
1302 2335 1408 2392 nullum
1423 2336 1465 2392 ius
1486 2349 1588 2391 noram
1610 2332 1727 2403 conlert,
1744 2348 1795 2389 nec
1816 2332 1863 2390 dat
1888 2333 2013 2391 valorem

370 2427 424 2482 bus
446 2428 588 2497 rescriptis
606 2425 676 2483 idem
697 2424 863 2494 concedant,
878 2431 910 2482 ut
930 2423 1013 2480 videri
1032 2431 1124 2496 potest
1143 2425 1170 2478 in
1205 2425 1361 2497 privilegio,
1383 2411 1405 2480 si
1419 2433 1479 2481 erat
1493 2424 1654 2493 invalidum,
1677 2429 1704 2480 at
1722 2423 1758 2480 ita
1773 2439 1827 2480 aaa
1846 2429 1939 2495 potest
1956 2424 2011 2480 dici

371 2514 454 2570 Falla.
472 2517 497 2570 io
513 2514 586 2571 dicio
600 2531 661 2586 cap.
671 2512 823 2582 Nonnulli,
842 2515 868 2571 in
883 2511 1003 2570 secunda
1018 2512 1171 2570 obiectione
1205 2517 1347 2572 concessio
1363 2515 1504 2587 privilegii,
1517 2514 1566 2572 sed
1580 2530 1650 2584 pura
1664 2513 1894 2572 roboratiollaec
1914 2513 2012 2587 regula

372 2611 468 2661 contra
484 2609 512 2662 i.
526 2603 681 2660 fallentium.
1206 2607 1392 2663 communiter
1406 2605 1528 2661 traditur
1542 2605 1566 2658 ia
1582 2619 1645 2674 cap.
1661 2605 1744 2677 Quin
1756 2601 1955 2669 diversitatis,
1976 2601 2009 2658 de

411 2698 436 2754 7.
454 2696 493 2752 Ea
509 2694 630 2769 biserga
651 2693 778 2750 omnibus
792 2683 918 2764 constat,
941 2699 1008 2750 tuac
1023 2691 1170 2748 confirma·
1205 2710 1333 2752 concess.
1346 2695 1474 2767 praeben.
1488 2702 1517 2751 et
1529 2710 1561 2750 ex
1577 2693 1623 2750 illo
1638 2700 1713 2749 textu
1728 2691 1880 2764 colligitur,
1897 2699 1928 2749 nt
1941 2691 2007 2764 dixi,

371 2785 471 2842 donem
492 2799 551 2840 essa
566 2786 593 2840 in
615 2783 702 2840 iorma
723 2783 874 2852 communi,
889 2781 998 2855 qnando
1018 2782 1042 2835 in
1064 2796 1096 2836 ea
1109 2779 1171 2836 nul·
1205 2786 1323 2841 sumitur
1333 2787 1414 2841 etiam
1427 2799 1459 2841 ex
1473 2782 1547 2840 dieto
1562 2783 1888 2848 encomiasticum
1907 2797 1971 2854 cap.
1985 2787 2008 2841 1.

370 2873 427 2930 lam
443 2875 551 2947 siguum
566 2872 706 2928 sufficiens
720 2871 841 2943 adnitar,
855 2887 888 2928 οιι
902 2887 957 2944 quo
971 2875 1088 2941 constat,
1101 2885 1168 2924 coa·
1205 2874 1239 2931 da
1253 2891 1378 2934 concess.
1389 2874 1518 2948 praeben.
1530 2874 1574 2931 ubi
1590 2873 1703 2938 dicitur,
1717 2871 1951 2929 confirmationem
1970 2874 2009 2929 rei

370 2965 549 3019 firmationem
567 2963 746 3034 processisse,
762 2961 850 3018 habita
868 2960 945 3033 plena
960 2960 1054 3016 notitia
1072 2959 1170 3030 prioris
1205 2963 1335 3036 litigiosae
1346 2981 1397 3022 aon
1411 2962 1539 3036 impedire
1548 2977 1708 3033 processum
1720 2963 1748 3018 in
1759 2961 1900 3034 lite,quad
1914 2976 2009 3018 omnes

370 3051 511 3126 privilegii·
529 3053 597 3118 Quia
611 3053 633 3107 si
652 3050 716 3108 illud
735 3053 844 3123 signum
859 3057 902 3106 est
920 3050 1122 3114 necessarium,
1139 3054 1171 3104 ut
1206 3055 1359 3127 intelligunt
1370 3057 1402 3114 de
1416 3053 1622 3112 confirmatione
1633 3054 1659 3107 in
1674 3052 1763 3108 iorma
1776 3052 1928 3122 communi3
1947 3067 2008 3108 nana

371 3135 590 3198 confirmatio‘sil
602 3155 635 3196 ex
649 3146 724 3196 certa
739 3139 861 3210 scientia,
870 3141 944 3216 sicut
956 3138 1060 3194 dictum
1074 3143 1128 3208 tsi,
1141 3137 1171 3192 il·
1204 3161 1287 3202 secus
1299 3146 1406 3201 essetis
1418 3137 1666 3200 confirmationem
1675 3148 1751 3198 certa
1762 3140 1885 3197 seientia.
1897 3143 2007 3197 ltemea

370 3229 424 3286 lius
440 3229 547 3302 negatio
559 3229 696 3299 eritsatis,
709 3233 739 3285 ut
752 3229 922 3286 confirmatio
934 3243 988 3283 non
1003 3230 1039 3284 sit
1049 3232 1171 3283 caserta
1205 3251 1266 3307 cap,
1282 3233 1414 3302 υιιᾱιιῃι,
1433 3234 1458 3289 in
1474 3235 1535 3297 fine,
1552 3232 1586 3288 de
1600 3232 1699 3289 decim.
1715 3232 1802 3288 iatenr
1816 3237 1920 3301 nmen,
1939 3230 2007 3286 lianc

370 3319 496 3390 scientia,
517 3319 604 3374 omnis
618 3325 708 3374 autam
723 3318 912 3390 confirmatio,
927 3331 1001 3390 quae
1016 3332 1069 3372 non
1083 3322 1125 3372 est
1137 3331 1170 3372 ex
1205 3325 1263 3380 iura
1276 3324 1351 3396 loqui
1366 3323 1399 3379 de
1413 3322 1574 3394 privilegiis,
1591 3337 1662 3395 quae
1676 3321 1729 3377 iuri
1743 3321 1893 3390 communi,
1912 3321 1955 3378 rel
1971 3321 2007 3376 al-

371 3415 446 3466 ceria
462 3409 590 3480 scientia,
610 3414 655 3464 esi
667 3410 693 3464 ia
714 3407 801 3463 iorma
816 3408 971 3477 communi,
991 3407 1056 3479 quia
1076 3405 1171 3462 divisio
1206 3415 1292 3470 terius
1312 3412 1546 3485 octogensimus
1566 3418 1659 3468 autern
1680 3410 1841 3466 aniversalis
1855 3417 1899 3466 ast
1923 3427 2007 3482 supra

369 3495 422 3558 ilia¹
434 3496 586 3571 adaequata
599 3504 653 3568 est3
670 3511 736 3569 erga
751 3496 794 3553 illa
807 3497 915 3570 negatio
930 3495 1044 3566 sufficit,
1061 3502 1092 3551 ut
1104 3510 1169 3551 con·
1206 3509 1295 3574 taeta,
1311 3504 1376 3575 quia
1389 3501 1553 3558 confirmare
1567 3495 1678 3558 aon'est
1690 3499 1724 3558 de
1744 3517 1815 3556 noro
1829 3500 1938 3569 iacere,
1957 3499 2005 3556 scd

368 3589 485 3644 firmatio
500 3589 535 3644 sit
547 3591 573 3644 in
588 3587 673 3644 iermt
687 3589 837 3644 communi·
853 3587 889 3644 Et
907 3587 944 3643 itt
959 3594 1050 3642 manet
1069 3584 1168 3656 proba·
1205 3592 1336 3649 roborarc
1352 3591 1471 3664 lactum,
1488 3591 1657 3647 confirmatio
1671 3597 1763 3646 autem
1777 3593 1804 3647 ia
1823 3591 1913 3646 torma
1930 3605 2007 3645 com·

370 3683 428 3733 lum
449 3682 546 3733 contra
566 3677 684 3747 priorem
705 3678 875 3749 opinionem,
892 3681 924 3732 ut
944 3675 1113 3732 confirmatio
1133 3675 1170 3731 sit
1204 3683 1279 3736 muni
1299 3681 1389 3737 solum
1410 3678 1546 3753 significat
1569 3682 1596 3735 ia
1618 3679 1739 3752 principa
1759 3681 1882 3736 animum
1905 3681 2009 3736 confir-

370 3771 477 3822 taatum
492 3767 519 3820 ia
534 3765 622 3822 torma
636 3767 791 3834 communi,
807 3780 861 3820 non
874 3778 936 3820 esse
952 3765 1105 3820 necessaria
1120 3778 1170 3833 po·
1203 3768 1309 3837 mandi,
1327 3777 1365 3826 ut¹
1377 3770 1482 3826 dicrum
1496 3775 1554 3841 est,
1577 3783 1644 3841 ergo
1658 3784 1710 3825 nec
1731 3769 1868 3842 valorem,
1893 3785 1944 3826 nac
1964 3770 2008 3825 ius

369 3857 447 3912 sirim
464 3854 557 3934 ver-ba,
570 3855 670 3926 quinas
684 3855 709 3910 id
724 3854 904 3925 significetur,
917 3853 965 3909 sed
978 3851 1108 3909 suilicere
1123 3867 1170 3907 ne·
1203 3858 1311 3915 coalert
1324 3858 1359 3915 de
1373 3873 1444 3914 noro
1458 3875 1491 3915 ex
1505 3860 1531 3913 ri
1545 3857 1606 3915 talis
1620 3859 1846 3916 confirmationis.
1862 3861 1898 3916 lit
1915 3861 1954 3917 ita
1968 3861 2008 3914 in·

369 3945 505 4016 gallonem
525 3943 593 4015 sigui
614 3941 780 3999 ostendentis
801 3949 904 3998 certam
924 3941 1073 4000 scientiam.
1090 3943 1167 4001 Unde
1203 3947 1328 4021 telliguat
1343 3946 1485 4020 praedicta
1500 3949 1560 4004 iura
1573 3949 1668 4004 iaaac.
1679 3956 1708 4004 et
1722 3948 1798 4004 lmol.
1811 3957 1839 4005 et
1858 3953 1960 4006 daton.
1973 3947 2006 4004 da

368 4033 408 4102 m,
421 4033 484 4089 licat
500 4047 553 4088 non
568 4031 686 4089 addatur
700 4031 745 4086 illa
757 4030 882 4088 clausula
895 4033 973 4088 sicut
982 4029 1166 4106 prootdssa·
1202 4039 1297 4095 Batrio
1312 4039 1337 4094 in
1358 4035 1431 4094 dicto
1446 4053 1507 4107 cap.
1520 4036 1653 4093 Dudum.
1670 4037 1763 4094 tradit
1781 4038 1862 4094 etiam
1884 4037 1961 4094 Bald.
1980 4038 2007 4092 in

370 4126 451 4178 stum
466 4126 524 4188 cst,
543 4119 585 4176 ael
600 4117 788 4192 aequivalens,
803 4136 869 4176 cum
889 4121 947 4176 sola
961 4121 1005 4176 illa
1024 4125 1167 4202 negatione
1202 4127 1286 4184 Fcud.
1300 4128 1342 4183 tit.
1355 4141 1402 4198 per
1416 4141 1487 4198 quos
1502 4126 1548 4182 dat
1563 4127 1659 4184 invest.
1670 4141 1731 4198 cap.
1750 4129 1775 4198 l,
1791 4143 1818 4182 n.
1829 4130 1859 4197 2,
1881 4126 1966 4183 Felin.
1979 4127 2007 4181 ia

369 4225 429 4268 esse
446 4211 617 4283 privilegium
631 4211 658 4265 io
681 4210 767 4266 torma
781 4212 931 4266 communi.
945 4213 1038 4283 Neque
1059 4215 1168 4283 opposi·
1202 4233 1264 4288 cap.
1278 4219 1358 4272 Inter
1370 4213 1500 4281 dilectos,
1515 4213 1548 4272 de
1562 4214 1613 4272 lide
1628 4217 1775 4272 insanam.
1788 4219 1833 4288 13,
1844 4224 1874 4272 et
1887 4231 1949 4289 seq.
1959 4215 2006 4273 ubi

369 4307 428 4358 tum
446 4301 586 4374 colligitur
600 4315 633 4356 ex
648 4299 722 4357 dicto
736 4315 797 4372 cap.
807 4303 1009 4365 Examinat-u,
1026 4301 1090 4374 quia
1105 4302 1168 4370 licet
1202 4309 1284 4362 ctiam
1299 4305 1448 4362 Panormit.
1461 4303 1534 4361 idem
1550 4305 1633 4360 lelio.
1648 4305 1673 4360 ia
1688 4321 1714 4361 ο,
1725 4307 1801 4362 Cum
1821 4307 1956 4364 uenisset,
1973 4303 2006 4360 de

368 4405 401 4446 cx
415 4390 459 4445 illa
474 4388 598 4446 clausula
610 4397 684 4446 recte
695 4389 853 4462 colligatur,
863 4390 1166 4447 confirmationemessa
1203 4396 1290 4452 testib.
1304 4410 1332 4450 a.
1344 4400 1372 4464 2,
1388 4397 1452 4451 lieo.
1465 4394 1490 4448 in
1506 4394 1584 4450 rrrbr.
1595 4393 1629 4449 dc
1644 4395 1797 4450 confirmat.
1811 4393 1871 4449 util.
1889 4393 1931 4449 vel
1947 4393 2006 4449 inu·

368 4480 393 4536 ia
405 4479 492 4536 iorma
506 4480 656 4549 cummuni,
668 4477 777 4552 quando
793 4487 870 4536 tenor
884 4480 1013 4551 privilegii
1024 4483 1050 4535 ia
1065 4495 1098 4536 eo
1114 4495 1166 4536 non
1201 4484 1240 4540 til.
1253 4483 1415 4541 dub.ultim.
1430 4483 1478 4555 qui
1488 4485 1588 4555 optime
1602 4483 1747 4540 confirmat
1760 4484 1861 4552 omnia,
1879 4498 1950 4556 quae
1964 4481 2005 4538 di·

367 4571 516 4642 iaseritur,
530 4585 583 4625 noa
603 4577 692 4626 tamen
707 4569 741 4625 ibi
759 4570 877 4642 dicitur,
894 4568 961 4626 illud
983 4569 1089 4642 signum
1105 4585 1165 4627 ease
1201 4575 1302 4630 ximus.

368 4661 567 4716 necessarium.
578 4660 635 4716 Nec
650 4660 730 4717 etiam
746 4661 771 4716 in
786 4659 860 4716 dicto
875 4675 937 4731 cap.
952 4663 1032 4734 Quia
1046 4658 1167 4717 diuersi·
1240 4667 1267 4720 9,
1283 4659 1483 4733 interrogabis:
1499 4659 1570 4728 Quid
1590 4661 1695 4717 conlert
1714 4659 1775 4717 talis
1790 4660 1962 4718 confirmatio
1979 4662 2006 4718 in

368 4752 441 4808 tntis
458 4748 577 4822 dicitur,
596 4749 782 4806 necessarium
796 4764 856 4805 esse
871 4747 905 4804 ad
920 4749 1106 4806 confirmanda
1120 4750 1167 4806 lae·
1200 4753 1288 4809 torma
1301 4751 1461 4820 coromuai?
1475 4750 1586 4807 Glossae
1597 4759 1625 4806 et
1635 4750 1764 4808 doctores
1776 4749 1885 4823 allegati
1899 4749 1955 4808 iere
1965 4750 2006 4807 di·

367 4839 461 4897 nelicia
477 4841 503 4896 ia
524 4840 613 4896 lorma
627 4839 785 4908 communi,
801 4839 825 4893 io
846 4845 941 4895 tenore
955 4840 1166 4896 confirmationis
1200 4849 1284 4911 cunt,
1301 4856 1397 4913 parum
1419 4840 1561 4905 conterre,
1577 4837 1799 4913 quandoquidem
1821 4856 1877 4896 non
1896 4839 1946 4898 dat
1958 4857 2006 4898 no·

367 4929 467 4986 addere
483 4930 564 4986 verba
578 4929 624 4985 ilia
638 4932 715 4985 sicut
727 4931 817 4995 inste,
836 4931 863 4982 et
873 4926 1002 5001 pacifice
1015 4929 1168 5002 possiden·
1200 4947 1265 4989 rum
1284 4932 1344 4996 ius,
1367 4945 1417 4988 aec
1439 4929 1559 4987 valorem
1580 4933 1665 4988 actui.
1686 4933 1750 4987 iiico
1770 4939 1879 5002 tamea,
1895 4934 1918 4987 si
1936 4927 2003 4990 haec

368 5023 429 5086 tur;
441 5017 488 5075 sed
502 5017 615 5088 dicitur,
631 5019 704 5075 iaaac
714 5032 775 5073 esse
790 5031 901 5073 sensum
914 5017 1124 5075 confirmationis
1139 5019 1166 5075 in
1199 5021 1372 5079 confirmatio
1384 5019 1464 5076 cadat
1475 5023 1501 5076 ia
1514 5021 1653 5078 materiam
1661 5023 1893 5093 incapacem,sau
1909 5030 2007 5080 actum

367 5106 454 5164 torma
468 5109 617 5166 communi.
635 5108 674 5165 Ea
697 5123 752 5180 qao
767 5104 875 5163 tandem
893 5105 1085 5181 concluditur,
1100 5125 1166 5166 con·
1200 5110 1319 5179 nullum,
1333 5109 1397 5166 nihil
1408 5110 1544 5180 conterre,
1556 5126 1644 5182 aeque
1656 5111 1708 5167 hoc
1720 5126 1780 5166 essa
1795 5112 2003 5181 inconvenieus,

367 5195 545 5254 firmationem
557 5196 690 5272 privilegii
700 5196 792 5253 datam
803 5210 852 5270 per
863 5195 977 5254 verbum
988 5199 1165 5256 confirmandi
1201 5202 1255 5258 imo
1274 5216 1334 5258 esse
1354 5201 1429 5258 iusta
1447 5199 1623 5258 intentionem
1642 5200 1838 5272 concedentis,
1859 5201 1922 5260 ideo
1935 5202 2004 5260 amm
