4256 6224
389 349 454 414 588
1092 371 1195 422 arsen
1209 371 1260 422 rx.

349 509 414 566 gma
428 493 481 551 hoc
496 495 632 566 pertinere
648 493 682 552 ad
697 493 756 552 lidei
771 495 923 554 ceritatem.
937 496 966 552 ln
981 495 1075 553 eadem
1090 512 1151 552 seu·
1184 493 1362 570 Respoudso,
1387 497 1410 554 si
1428 497 1588 556 iustificatio
1609 503 1719 570 sperato
1732 497 1830 556 luisset
1843 499 1948 555 virtute
1961 495 1992 553 il-
2098 554 2099 574 ,

348 585 434 642 tentio
449 585 595 642 estAmbr.
608 601 653 657 ep.
667 590 695 656 t,
707 592 735 641 et
745 586 833 642 trihus
844 585 1034 659 sequentihus,
1046 592 1075 642 et
1085 593 1152 642 sunt
1186 585 1278 644 lorum
1297 588 1559 659 sacramentorum,
1573 595 1601 645 et
1613 604 1647 646 ex
1661 587 1787 646 efficacia
1800 586 1868 659 legis
1884 601 1934 658 per
1951 603 1991 652 se,
2098 603 2099 606 ¹

347 676 429 731 etiam
441 675 484 730 alii
496 683 586 747 patres
597 677 670 732 intra
681 674 826 744 referendi,
839 682 867 731 et
878 675 904 731 in
916 691 942 732 c.
957 677 1102 741 Maiores
1117 673 1151 731 de
1185 683 1214 732 et
1234 678 1291 734 sine
1314 675 1422 734 Christo
1441 683 1599 748 spectatae,
1622 677 1761 748 concedo,
1776 691 1887 747 semper
1909 673 1993 730 luisse

347 765 494 836 baptismo.
511 765 641 836 Opposita
660 765 793 821 sententia
809 771 923 822 vocatur
938 765 1059 822 tiaeresis
1075 764 1151 822 dam·
1188 763 1349 824 damnatum
1369 765 1449 822 telem
1469 781 1561 822 usum.
1578 767 1605 823 Si
1624 780 1689 824 vero
1708 771 1868 838 speraretur
1892 779 1928 820 es
1945 762 1994 819 tide

350 863 428 925 nota,
446 856 541 928 utique
556 855 582 911 iu
596 853 739 925 cherinto,
756 855 877 926 Ebione,
892 861 920 910 et
936 854 1080 913 Nazaraeis
1095 854 1150 910 lere
1188 853 1290 911 Christi
1305 860 1471 926 protestata,
1488 871 1538 912 seu
1551 855 1700 929 significata
1711 870 1759 927 per
1776 854 1822 912 illa
1836 867 1996 910 sacremen-
2099 872 2100 904 r

349 946 511 1017 aprincipio
527 944 664 1000 nascentis
675 943 833 1016 Ecclesiae,
848 951 916 1000 teste
928 945 1092 1019 Hieronymo
1104 959 1152 1000 su·
1187 948 1231 1011 ta,
1254 943 1293 999 sic
1314 943 1407 1016 quoad
1425 943 1663 1002 circumcisionem
1684 944 1781 1002 saltem
1801 961 1859 1001 non
1878 951 1941 1000 crat
1955 942 1995 999 ille

348 1051 413 1108 pra,
429 1042 456 1090 et
475 1035 661 1090 consentiente
681 1035 851 1106 Augustino,
867 1032 953 1105 quiin
969 1033 1015 1088 lih.
1032 1031 1069 1088 de
1082 1033 1152 1090 laoc-
1188 1047 1257 1089 usus
1276 1033 1379 1104 malus,
1397 1034 1504 1091 virente
1517 1034 1563 1091 illa
1577 1035 1650 1108 lege,
1667 1051 1743 1092 nunc
1759 1043 1854 1094 sutem
1876 1034 1996 1091 mortife-

348 1125 438 1182 resth.
451 1126 499 1198 ait,
508 1126 559 1182 hoo
571 1141 604 1182 ex
617 1125 758 1183 Ecclesiae
767 1123 909 1181 traditione
917 1131 1057 1179 constare.
1071 1123 1152 1178 Prae·
1187 1137 1218 1177 ra
1233 1129 1289 1192 est,
1306 1124 1386 1179 cuius
1401 1124 1468 1180 ratio
1486 1123 1624 1181 constabit
1638 1141 1671 1181 ex
1691 1125 1780 1197 capite
1794 1125 1890 1182 lllllll.
1910 1130 1940 1181 st
1957 1123 1997 1180 ul-

351 1227 392 1274 ter
406 1215 458 1273 hoc
474 1231 538 1272 vero
554 1223 644 1288 potest
658 1214 766 1272 fraudari
784 1213 851 1270 haec
866 1214 966 1269 veritas
981 1212 1008 1268 in
1034 1211 1153 1268 testimo·
1187 1211 1291 1267 timh't
1304 1210 1348 1268 hic
1359 1217 1403 1268 est
1414 1212 1555 1269 secundus
1565 1213 1668 1285 grsdus
1680 1213 1761 1270 huius
1773 1214 1899 1270 turmalis
1916 1230 1994 1270 usus.

349 1306 400 1363 niis
415 1307 590 1377 scripturae,
609 1304 710 1377 quihus
725 1303 909 1372 ostendimus,
930 1301 1014 1372 legem
1035 1307 1153 1356 veterem
1188 1299 1296 1355 Tertius
1310 1308 1420 1371 cutem,
1435 1311 1464 1358 et
1483 1301 1560 1359 valde
1578 1303 1660 1360 etiam
1676 1303 1796 1360 lormalis
1809 1319 1873 1360 esse
1893 1309 1996 1375 potest,

350 1411 490 1467 cessasse,
505 1395 636 1452 adiuncto
654 1395 796 1452 Ecclesiae
817 1393 1013 1465 intelligentia,
1029 1405 1100 1462 quae
1114 1391 1155 1446 in·
1189 1391 1212 1444 si
1227 1398 1373 1462 praecepta
1392 1391 1437 1448 illa
1458 1398 1603 1449 serventur
1615 1399 1646 1449 ut
1660 1393 1750 1452 adhuc
1772 1393 1996 1465 praefigurantia,

353 1491 539 1557 terpretatur,
551 1486 587 1540 ita
601 1498 740 1554 cessasse,
754 1490 784 1539 ut
799 1497 852 1538 uon
867 1481 956 1538 solum
971 1494 1024 1536 non
1043 1477 1152 1550 obliget,
1190 1493 1240 1533 sou
1257 1479 1440 1548 promittentia
1454 1482 1577 1538 Messium
1590 1488 1745 1538 venturum.
1767 1482 1811 1538 Sic
1823 1489 1921 1540 auum
1935 1497 1999 1538 con·

352 1576 398 1634 sed
417 1575 499 1632 etiam
513 1591 568 1630 non
585 1575 685 1644 liceat,
700 1589 749 1629 nec
765 1575 819 1628 beo
838 1571 946 1643 placeat
960 1585 1028 1626 usus
1046 1567 1155 1623 illarum
1193 1566 1260 1622 tinet
1277 1566 1338 1622 talis
1355 1585 1423 1624 usus
1438 1571 1623 1640 perniciosum
1643 1571 1836 1640 mendacium,
1855 1578 1887 1627 et
1904 1587 2000 1644 proce·

352 1665 602 1732 caeremoniarum,
618 1665 692 1720 iuxta
704 1661 769 1719 illud
781 1660 878 1733 psalmi
894 1662 940 1717 39:
959 1655 1156 1730 Sacrificium
1190 1653 1231 1711 dit
1250 1671 1283 1711 ex
1306 1657 1448 1714 manifesta
1470 1657 1590 1731 haeresi,
1612 1661 1686 1734 quod
1707 1655 1819 1719 blessias
1843 1661 2000 1733 promissus

354 1761 382 1813 et
402 1753 580 1811 oblationem
600 1752 731 1810 uoluisti.
747 1749 824 1819 Quod
845 1750 881 1806 ita
900 1751 1095 1820 interpretatus
1113 1751 1157 1802 est
1191 1743 1313 1802 nondum
1335 1750 1454 1819 venerit,
1476 1757 1573 1807 contra
1590 1767 1674 1824 quam
1688 1751 1750 1809 alibi
1770 1751 1948 1823 disputatum
1963 1759 2003 1807 est

353 1846 456 1904 Paulus
472 1845 553 1902 llebr.
572 1849 614 1912 to,
625 1853 652 1899 et
664 1841 716 1898 late
728 1842 903 1913 prosequitur
914 1840 1035 1895 lustinus
1046 1835 1156 1907 bialogo
1191 1849 1224 1890 es
1241 1834 1376 1905 professo.
1393 1838 1444 1894 Est
1457 1844 1599 1909 praeterea
1614 1839 1684 1896 alius
1697 1857 1767 1898 usus
1788 1841 1822 1898 ad
1838 1841 1917 1897 hunc
1932 1839 2001 1896 ordi·

354 1951 420 1994 cum
434 1935 525 2006 Triph.
541 1939 570 1990 et
587 1934 659 2006 Aug.
677 1933 703 1987 in
716 1931 890 1988 enarratione
907 1929 1030 1986 eiusdem
1048 1927 1154 1999 psalmi.
1192 1939 1253 1980 nem
1267 1926 1419 1997 pertinens,
1433 1929 1455 1983 si
1469 1928 1514 1984 illa
1528 1927 1625 2002 legalia
1638 1931 1718 1999 liant,
1737 1929 1928 1988 abstrahendo
1943 1932 2003 2002 qui·

353 2025 498 2085 Eteodem
512 2021 593 2079 modo
616 2020 743 2093 expendit
760 2023 945 2094 ltieronymus
970 2017 1157 2074 testimonium
1192 2014 1253 2071 dem
1277 2029 1292 2070 a
1313 2015 1508 2089 significatione
1529 2017 1630 2090 loturi,
1647 2025 1737 2076 umen
1757 2027 1790 2076 ut
1811 2021 2003 2092 permanentia

354 2131 440 2187 supra
455 2120 604 2172 tractatum
620 2113 672 2169 ler.
691 2116 740 2169 ot:
758 2113 888 2175 Feriam,
907 2108 948 2163 vel
967 2121 1158 2164 consummo·
1192 2103 1283 2160 adhuc
1309 2106 1362 2162 sub
1382 2107 1522 2178 praecepti
1543 2105 1625 2164 divini
1645 2110 1821 2166 necessitate.
1844 2110 1882 2166 Et
1902 2108 1937 2165 dc
1953 2107 2003 2163 hoc

358 2207 393 2264 ho
412 2189 514 2262 domur
536 2201 648 2269 Israel,
672 2206 699 2258 et
717 2199 818 2257 domui
832 2196 928 2255 Iudae
949 2200 1159 2254 testamentum
1192 2193 1273 2250 etiam
1292 2210 1344 2251 usu
1359 2193 1734 2268 estcertissimoconclusi03
1747 2205 1776 2256 et
1792 2199 1864 2254 ratio
1876 2201 2002 2266 eiusest,

356 2311 481 2359 uocum,
495 2309 554 2349 ooo
566 2289 728 2349 secundum
739 2292 958 2352 testamentum,
976 2283 1053 2358 quod
1062 2282 1159 2359 dispo·
1193 2284 1259 2356 quia
1272 2283 1314 2340 ille
1335 2301 1403 2342 usus
1418 2286 1499 2342 etiam
1513 2285 1690 2358 procedet'ex
1701 2303 1796 2344 errore
1815 2286 1878 2343 fidei
1891 2293 2004 2343 contra·

356 2389 404 2442 sui
418 2382 556 2456 putridus
575 2396 688 2438 eorum.
705 2381 744 2435 Ex
763 2394 819 2452 quo
839 2376 942 2448 colligit
962 2375 1157 2449 Hieronymus.
1194 2373 1811 2449 rio.0stendimusenimessedetide,legalia
1829 2377 2004 2434 aboliteesse

356 2472 455 2546 legalia
463 2487 524 2527 esse
536 2469 676 2532 mortifera
686 2484 740 2525 non
751 2473 857 2524 tantum
868 2466 1008 2538 gentibus,
1020 2463 1067 2520 sed
1078 2466 1159 2520 etiam
1194 2468 1222 2516 et
1232 2468 1351 2536 mortua,
1365 2470 1393 2518 at
1406 2478 1470 2520 vero
1479 2464 1590 2536 quando
1601 2465 1669 2522 fiunt
1681 2466 1724 2522 illa
1736 2467 1889 2524 intentione
1908 2474 1938 2522 et
1949 2467 2003 2538 opi-

358 2561 477 2630 iudaeis,
490 2559 589 2634 quibus
604 2561 676 2615 Deus
689 2557 724 2614 ibi
734 2556 813 2627 dicit,
827 2555 995 2627 disposuisse
1013 2560 1160 2610 testamen·
1195 2550 1289 2621 aione,
1305 2551 1462 2609 creduntur
1476 2553 1567 2612 adhuc
1582 2556 1672 2612 vivere
1687 2556 1730 2613 vel
1744 2555 1836 2628 quoad
1860 2554 2004 2628 obligatio·

358 2661 418 2710 tum
432 2667 552 2719 novum,
568 2665 617 2720 per
630 2648 705 2720 quod
719 2653 797 2704 vetus
811 2647 847 2703 ita
861 2646 1008 2717 rumpitur,
1029 2651 1105 2700 uteo
1120 2644 1159 2700 uti
1195 2655 1274 2711 nem,
1296 2641 1336 2696 rel
1357 2642 1448 2714 quoad
1467 2643 1681 2716 iustitutionem,
1696 2653 1723 2701 et
1743 2651 1832 2701 totum
1857 2644 1913 2700 hoc
1927 2660 2003 2702 erro-

359 2759 413 2802 non
428 2742 522 2809 liceat,
535 2741 629 2813 sicque
645 2738 725 2794 sentit
738 2753 800 2794 esse
812 2733 1010 2807 intelligendam
1028 2731 1162 2805 pondera·
1196 2744 1276 2784 neum
1292 2736 1344 2786 est.
1367 2730 1541 2802 Relinquitur
1551 2747 1627 2806 ergo,
1639 2749 1746 2790 omnem
1765 2733 1912 2789 formalem
1926 2751 2003 2790 usum

359 2835 460 2890 tionem
475 2829 551 2888 Pauli
567 2827 600 2884 ad
614 2827 696 2884 Hebr.
715 2833 741 2884 8.
1196 2817 1322 2891 legalium
1345 2835 1407 2876 esse
1428 2821 1614 2891 perniciosum
1628 2828 1657 2880 et
1671 2824 1772 2879 malum
1794 2831 1931 2896 tauquam
1945 2823 2004 2880 lidei

398 2926 426 2980 l.
443 2923 478 2977 Ut
491 2925 582 2976 autem
596 2916 719 2972 eamdem
739 2915 881 2971 veritatem
897 2913 1001 2970 ratione
1015 2921 1043 2969 et
1058 2912 1161 2968 doctri·
1196 2914 1224 2962 et
1239 2908 1346 2965 veritati
1360 2911 1540 2990 contrarium.

360 3028 395 3068 na
414 3008 604 3074 declaremus,
621 3003 750 3072 adverto,
773 3003 907 3075 triplicem
929 3017 1010 3074 posse
1032 2999 1161 3073 distingui
1238 3001 1264 3054 6.
1281 2998 1426 3055 ltateriolis
1438 3007 1578 3071 ususest,
1590 3001 1611 3056 si
1625 3000 1739 3058 resilire
1751 3043 1758 3071 ,
1770 3016 1842 3073 quac
1854 3019 1903 3074 per
1918 3003 2003 3076 legem

361 3116 443 3158 usum
458 3097 587 3171 legalium
602 3116 609 3150 ι
626 3111 698 3150 unns
718 3093 812 3150 vocari
831 3099 921 3164 potest
935 3092 1044 3147 omnino
1060 3092 1162 3147 torma·
1197 3093 1314 3144 veterem
1334 3088 1582 3162 praecipiebantur,
1597 3090 1623 3146 in
1638 3106 1720 3148 usum
1733 3099 1932 3162 assumantur,
1947 3099 2003 3148 tum

361 3192 410 3262 lis,
426 3205 475 3246 seu
488 3184 712 3255 lormalissimus3
726 3184 795 3238 alius
810 3181 920 3238 omniuo
935 3179 1094 3250 moterialis3
1108 3186 1163 3235 ter·
1198 3177 1254 3231 sine
1269 3177 1378 3248 spiritu,
1395 3185 1443 3234 aut
1456 3178 1616 3236 credulitate
1633 3179 1705 3236 illius
1719 3181 1938 3254 legistanquam
1955 3181 2004 3237 du·

363 3282 418 3337 tius
437 3278 515 3351 quasi
536 3275 659 3344 medius,
684 3272 780 3344 partim
800 3270 962 3341 materialis,
983 3271 1082 3342 purtim
1097 3284 1161 3326 vero
1196 3267 1297 3336 rantis,
1314 3273 1374 3322 turn
1392 3266 1450 3322 sine
1465 3267 1613 3324 intentione
1627 3271 1738 3338 cultus,
1755 3268 1803 3325 scd
1818 3269 1854 3325 oh
1874 3271 1961 3326 alium
1976 3271 2004 3326 fi-

360 3368 493 3427 lormalis.
511 3365 620 3424 Primus
635 3379 702 3420 usus
713 3369 771 3433 est,
784 3363 807 3417 si
820 3358 915 3433 legalia
926 3359 1096 3416 tianteodem
1107 3360 1163 3430 spi·
1196 3369 1274 3421 neni,
1293 3355 1335 3411 rel
1351 3356 1583 3414 commoditatem.
1598 3358 1632 3414 lit
1646 3357 1689 3416 hic
1705 3375 1773 3414 usus
1784 3375 1839 3415 non
1857 3369 1901 3416 est
1914 3377 1963 3433 per
1976 3377 2004 3416 se

360 3461 432 3528 rito,
450 3473 498 3514 seu
513 3454 607 3512 eadem
622 3451 785 3508 credulitate
796 3457 824 3506 et
834 3450 1014 3522 cogitatione,
1029 3465 1084 3518 que
1095 3463 1112 3502 a
1122 3448 1163 3503 iu-
1197 3449 1225 3498 et
1238 3444 1389 3501 intrinsece
1404 3447 1504 3517 malus,
1516 3446 1565 3501 sed
1578 3445 1610 3503 de
1625 3447 1669 3503 illo
1680 3447 1859 3506 iudicandum
1872 3458 1918 3506 cst
1930 3453 2004 3506 iuxta

360 3549 432 3606 dacis
451 3546 560 3602 [iebant.
575 3545 610 3599 Et
628 3545 655 3598 in
675 3541 727 3597 hoc
751 3555 803 3596 usu
825 3546 941 3610 possunt
961 3538 1090 3608 distingui
1106 3541 1162 3591 tres
1196 3530 1371 3588 intentionem
1394 3536 1548 3605 operantis,
1563 3542 1591 3592 ot
1608 3534 1675 3591 alias
1693 3539 1936 3594 circumstantias.
1956 3542 2004 3596 Lo·

361 3637 475 3712 gradus.
489 3637 565 3694 Unus
577 3633 597 3687 si
610 3630 705 3705 legalia
716 3631 795 3700 liant,
808 3627 934 3700 ponendo
946 3628 970 3682 in
982 3627 1022 3683 eis
1034 3641 1108 3698 spem
1120 3641 1163 3682 sa·
1197 3621 1307 3692 queudo
1322 3624 1394 3678 euim
1408 3625 1435 3677 iu
1450 3639 1566 3695 genere,
1580 3623 1680 3695 duplex
1696 3625 1811 3682 intentio
1834 3627 1880 3684 hic
1895 3631 2004 3700 excogi-

361 3728 439 3798 lutis,
453 3741 485 3782 ac
499 3725 520 3780 si
532 3738 578 3795 per
589 3738 621 3778 ea
632 3725 725 3793 posset
735 3719 817 3774 homo
830 3717 968 3773 iustificari
979 3716 1052 3787 apud
1065 3718 1161 3788 heum,
1197 3713 1248 3767 tari
1264 3716 1363 3784 potest.
1381 3713 1439 3770 Una
1453 3720 1496 3770 est
1514 3712 1694 3771 commoditas
1710 3722 1816 3772 tantum
1835 3718 2003 3787 corporalis,

361 3826 390 3874 et
404 3815 483 3888 quasi
498 3813 532 3870 ad
544 3814 619 3868 hunc
629 3811 756 3867 ellectum
769 3807 944 3875 sullicerent,
957 3810 1104 3877 essentque
1117 3819 1162 3860 ne·
1198 3807 1229 3857 ut
1240 3817 1265 3854 v.
1279 3816 1307 3872 g.
1321 3801 1342 3856 si
1355 3804 1417 3873 quis
1427 3801 1461 3858 ad
1475 3803 1630 3860 curandum
1643 3803 1770 3860 morbum
1790 3803 1951 3874 tondeatur,
1964 3807 2004 3862 rel

362 3906 492 3975 cessaria,
508 3901 581 3958 etde
597 3901 641 3956 tali
656 3915 708 3956 usu
723 3903 848 3966 constat,
864 3911 925 3951 esse
940 3894 1114 3950 mortiterum
1129 3908 1162 3950 ac
1197 3890 1332 3946 abstineut
1352 3892 1385 3946 ab
1405 3893 1497 3964 aliquo
1517 3893 1594 3964 cibo„
1613 3900 1663 3950 aut
1681 3893 1784 3966 aliquid
1804 3896 1897 3952 simile
1911 3897 2004 3962 laciat,

363 3994 442 4050 valde
457 3991 658 4064 perniciosum,
673 3987 737 4060 <prtia
751 3977 793 4042 est
807 3991 904 4041 contra
917 3983 1102 4055 evangelicam
1117 3997 1162 4038 ve·
1196 3987 1224 4036 et
1238 3979 1314 4053 quod
1337 3996 1384 4053 per
1404 3993 1434 4037 se
1454 3980 1594 4055 damnari,
1610 3989 1659 4039 aut
1671 3985 1812 4055 reprobari
1834 4001 1890 4042 non
1907 3991 2004 4058 possit,

362 4083 487 4151 ritatem,
502 4087 529 4136 et
548 4083 645 4133 contra
666 4076 857 4132 necessitatem
879 4072 1072 4142 redemptionis
1087 4071 1162 4128 Chri·
1197 4070 1287 4126 solum
1306 4085 1372 4143 crgo
1383 4073 1409 4126 iu
1426 4070 1579 4127 huiusmodi
1594 4087 1649 4128 usu
1662 4072 1814 4131 cavendum
1833 4081 1878 4131 est
1891 4077 2006 4132 scanda-

363 4171 414 4237 sti,
431 4172 505 4226 iuxta
524 4166 592 4225 illud
607 4164 682 4222 Pauli
697 4164 731 4220 ad
746 4164 833 4220 Galat.
850 4167 882 4219 2:
897 4165 930 4219 Si
944 4179 983 4218 es
1000 4160 1062 4233 leqe
1077 4164 1163 4218 iusti·
1199 4159 1271 4230 lum,
1288 4159 1313 4214 in
1330 4160 1436 4232 reliquo
1450 4161 1521 4214 euim
1538 4160 1665 4216 nullaest
1681 4176 1729 4231 per
1745 4176 1774 4217 se
1790 4163 1909 4234 malitia,
1929 4165 2007 4222 dum-

363 4265 425 4326 tta;
438 4273 506 4330 erqo
522 4258 619 4330 protis
637 4255 773 4312 Christus
784 4256 920 4308 mortuus
930 4251 1069 4308 est.Unde
1080 4252 1161 4308 etium
1197 4247 1277 4304 modo
1292 4265 1321 4305 re
1337 4263 1400 4304 vera
1417 4248 1544 4304 bonafide
1555 4249 1731 4321 procedatur.
1745 4252 1803 4307 Alia
1819 4253 1936 4310 intentio
1946 4271 2005 4312 esse

363 4355 406 4405 est
416 4346 481 4403 illud
490 4345 565 4402 Pauli
575 4343 606 4400 od
614 4343 699 4399 Galat.
712 4348 736 4398 5:
746 4344 779 4398 Si
791 4339 1060 4400 circumcidamini,
1075 4341 1163 4398 Chri·
1196 4344 1291 4408 posset
1305 4335 1338 4393 ad
1353 4336 1548 4408 simulandam,
1565 4338 1606 4394 vel
1628 4338 1825 4396 occultandam
1849 4342 1948 4414 tidem,
1965 4345 2004 4402 vel

361 4443 425 4495 atros
438 4437 515 4494 uobis
528 4433 604 4492 nibil
616 4431 762 4507 proderit.
779 4431 856 4498 Quod
872 4431 988 4488 maxime
999 4429 1032 4486 de
1044 4429 1161 4486 hocusu
1196 4426 1387 4499 obligationem
1407 4427 1477 4483 eius.
1500 4427 1642 4494 Quomodo
1666 4429 1774 4485 videtur
1795 4432 1869 4487 llier.
1891 4433 2003 4500 dixisse,

361 4531 472 4600 exponit
484 4527 654 4597 Augustinus
666 4501 693 4578 e't
704 4521 781 4593 plane
793 4519 929 4591 colligitur
940 4535 972 4576 ex
985 4517 1161 4590 verbis,quae
1195 4515 1342 4588 aliquando
1364 4516 1447 4572 luisse
1467 4516 1573 4572 licitum
1590 4517 1672 4574 talem
1687 4535 1768 4575 usum
1783 4529 1901 4593 propter
1918 4527 2005 4580 vitan

362 4620 454 4674 statim
476 4615 578 4672 Poulua
599 4613 756 4684 subiungit:
773 4611 923 4666 Evacuuti
944 4611 1013 4666 estts
1034 4623 1055 4664 c
1075 4609 1161 4667 Chri·
1195 4605 1258 4662 duna
1274 4606 1458 4663 turbationem
1478 4605 1648 4662 intirmorum
1667 4607 1693 4664 ln
1715 4607 1781 4680 lide,
1797 4615 1900 4668 contra
1920 4629 2003 4686 quem

361 4708 490 4777 sto,'qut
503 4707 535 4760 to
549 4701 610 4774 lepe
624 4701 840 4773 iustificamo'oi.
1196 4701 1406 4768 argumentatur
1420 4697 1603 4767 Augustinus,
1616 4697 1681 4768 quia
1695 4696 1802 4754 videtur
1816 4703 1911 4773 sequi,
1929 4719 2005 4759 nnnc

404 4802 431 4853 5.
446 4797 543 4861 bices,
560 4792 622 4846 hinc
643 4792 734 4862 sequi,
751 4789 831 4845 talem
852 4804 933 4844 usum
954 4787 1096 4859 legalium,
1113 4802 1161 4858 po·
1195 4788 1277 4842 ctiam
1294 4786 1350 4840 lore
1366 4785 1470 4841 licitum
1486 4785 1564 4841 talem
1578 4800 1672 4856 usum,
1684 4785 1706 4840 sl
1716 4788 1827 4843 occasio
1846 4789 1946 4846 similis
1958 4809 2004 4848 oc-

362 4883 451 4941 neudo
467 4897 542 4953 spem
559 4881 584 4935 in
600 4877 777 4935 caeremoniis
792 4876 875 4950 legis,
891 4890 999 4948 semper
1013 4875 1096 4932 luisse
1109 4877 1161 4932 illi·
1195 4880 1290 4930 curret
1314 4873 1414 4944 vitandi
1439 4873 1603 4930 scandulum
1627 4873 1744 4932 alicuius
1769 4878 1907 4950 neophiti,
1929 4881 2005 4952 quod

361 4977 460 5046 citum,
472 4973 553 5030 etiam
568 4985 601 5026 eo
616 4976 748 5040 tempore,
765 4967 790 5022 in
806 4982 862 5038 quo
875 4967 991 5022 inaximo
1003 4965 1120 5038 vigebat,
1133 4973 1162 5022 et
1195 4965 1305 5022 omniuo
1316 4963 1420 5020 iudicat
1429 4977 1490 5020 csse
1502 4964 1601 5021 lalsum
1612 4971 1641 5020 et
1650 4979 1808 5036 erroneum,
1823 4973 1853 5023 et
1863 4982 1917 5039 pro
1928 4977 2006 5026 certo

361 5063 498 5136 obligabat
516 5061 560 5117 illa
579 5060 639 5128 lex,
655 5073 795 5129 nunquam
809 5056 882 5114 enim
897 5055 1042 5112 iustificare
1057 5057 1157 5127 potuit,
1195 5056 1343 5126 supponit,
1365 5070 1417 5111 non
1443 5052 1528 5110 luisse
1551 5068 1567 5109 a
1591 5055 1758 5128 Hieronymo
1788 5054 2003 5116 admittendum.

362 5169 428 5225 ergo
442 5155 470 5209 iu
484 5151 529 5208 illa
543 5165 618 5221 spem
638 5147 757 5203 iustitias
777 5159 877 5217 ponere
897 5159 1004 5215 seniper
1018 5143 1070 5200 luit
1084 5145 1159 5202 illici·
1194 5143 1270 5212 Quod
1285 5145 1341 5200 siue
1356 5143 1440 5200 dubio
1454 5145 1492 5200 ita
1503 5149 1562 5214 est,
1575 5157 1638 5202 nam
1649 5145 1706 5216 ipse
1717 5143 1751 5200 ad
1768 5158 1914 5204 summurn
1927 5149 2003 5221 dicit,

362 5250 440 5312 tum,
455 5248 484 5298 et
501 5239 604 5314 gratiae
622 5236 723 5294 Christi
743 5236 824 5294 etiarn
845 5235 954 5294 venturi
974 5233 1156 5293 contrarium.
1194 5251 1227 5293 es
1247 5233 1450 5307 dispensatione
1470 5231 1616 5306 aliquando
1637 5233 1664 5292 id
1678 5233 1807 5304 licuisser
1825 5237 1908 5310 quod
1922 5254 1956 5297 an
1971 5240 2005 5298 sit
