4232 6220
856 347 963 410 carno
976 358 1015 410 11.
1652 339 1716 406 635

108 491 164 552 illas
177 490 251 566 teges
272 489 345 562 tulit,
363 504 434 563 quae
450 487 484 547 ed
498 487 573 548 bunc
588 487 669 546 linem
682 484 786 546 directe
800 485 917 558 pertine·
950 482 1085 540 crismate
1104 495 1178 540 nune
1199 488 1307 541 tantum
1327 497 1407 541 sumo
1423 483 1544 556 priorem
1558 486 1664 556 purtem
1678 481 1753 544 aibr.-

109 581 180 638 bent.
198 582 283 655 Leges
294 586 386 636 autem
397 577 537 636 iudiciales
549 579 577 635 in
588 577 646 651 lege
658 577 743 636 reteri
753 589 841 649 perse
853 587 915 646 spe·
950 579 1070 630 mantem
1088 571 1122 628 de
1141 573 1296 644 praeceptis
1314 571 1390 644 hdei3
1411 587 1474 630 nam
1492 572 1537 630 illa
1550 574 1622 630 inter
1638 571 1754 629 moralia

109 672 217 728 otshant
234 669 266 728 ad
273 669 414 742 politicum
425 668 544 743 regimen
556 667 711 740 temporetis
721 667 844 739 reputet
854 661 915 722 ideo
949 659 1164 734 computentur,
1188 667 1219 718 ut
1236 661 1372 734 diximus,
1390 668 1420 718 et
1438 668 1528 720 tamen
1544 662 1660 734 positive
1672 669 1753 733 sunt,

107 759 229 817 Christus
257 759 283 816 in
302 774 353 816 sue
372 757 432 831 lege
446 758 510 816 nihil
524 757 558 816 de
572 756 725 830 praeceptis
737 754 914 812 iudicialibus
948 757 979 808 ut
990 757 1168 824 praeceptum
1178 750 1307 808 credendi
1318 750 1446 823 explicite
1456 751 1629 822 Trinitatem,
1639 751 1682 807 rel
1694 767 1753 828 mp-

109 848 209 906 statuit.
223 849 348 916 Quinimo
370 847 477 904 etiamsi
500 847 526 904 in
549 847 671 904 Ecclesia
684 844 793 916 Christi,
809 849 840 902 ut
854 842 914 900 talis
948 841 1031 896 sterio
1045 839 1146 897 Christi
1160 841 1311 912 incarnati,
1333 841 1418 913 pessi,
1430 846 1486 898 etc.
1503 840 1571 898 haee
1584 842 1658 898 euim
1672 855 1753 913 prse-

108 945 159 1008 ost,
175 937 287 1012 aliquae
304 937 378 1010 leges
392 935 533 994 iudiciales
547 938 600 994 sint
614 934 784 993 necessariae
798 931 831 989 ed
847 931 914 1005 poli·
947 937 1029 1000 cepta
1047 944 1098 987 nec
1118 944 1227 1002 semper
1245 929 1373 1000 luerunt,
1389 945 1440 988 uec
1453 945 1486 987 er
1502 935 1602 996 natura
1618 929 1658 987 rei
1673 937 1753 988 erunt

109 1029 189 1086 mum
213 1029 335 1100 regimen
354 1026 593 1096 ecclesissticum,
608 1025 683 1099 quod
698 1039 750 1082 suo
764 1021 845 1080 modo
859 1021 913 1093 spi·
947 1020 1113 1076 necessarie.
1128 1019 1164 1076 Et
1176 1018 1271 1076 eedem
1283 1019 1389 1078 ratione
1400 1025 1518 1092 possunt
1528 1017 1590 1076 eddi
1604 1025 1752 1092 praecepta

109 1117 203 1174 rituale
221 1124 281 1189 est;
297 1114 472 1174 nihilominus
487 1114 573 1172 noluit
582 1113 709 1171 Christus
719 1113 849 1170 Dominus
863 1123 912 1182 per
933 1109 1013 1182 spei,
1030 1123 1092 1166 num
1107 1115 1232 1166 tenemur
1245 1110 1272 1166 iu
1289 1109 1347 1184 lege
1360 1111 1465 1183 gratioe
1480 1124 1591 1182 sperare
1611 1109 1751 1168 remissio·

109 1207 226 1278 seipsum
243 1205 304 1263 illas
318 1205 391 1280 leges
407 1205 489 1274 terre,
503 1203 550 1261 sed
563 1203 590 1261 id
601 1203 715 1261 vicariis
729 1202 785 1258 suis
799 1199 913 1258 commi-
947 1215 1008 1256 nem
1022 1205 1215 1272 peccatorum,
1226 1206 1255 1257 et
1267 1202 1386 1273 gratiam
1396 1200 1521 1273 explicito
1534 1214 1583 1272 per
1594 1197 1750 1273 Christum,

110 1295 158 1366 sit,
180 1299 340 1366 potestatem
361 1294 394 1350 ad
413 1293 472 1350 illas
496 1292 621 1351 terendas
641 1293 680 1349 sis
705 1289 864 1360 tribuendo,
884 1293 913 1345 et
946 1304 1018 1362 quae
1038 1288 1167 1361 obligatio
1188 1291 1312 1346 nascitur
1330 1305 1364 1346 ert
1383 1289 1492 1362 speciali
1511 1295 1661 1362 praecepto
1675 1289 1752 1348 Chri·

110 1383 169 1440 ideo
189 1382 251 1438 illue
272 1383 345 1455 leges
365 1397 418 1439 noo
434 1383 486 1440 suh
501 1382 560 1456 leqe
574 1381 682 1452 diviua,
697 1379 745 1436 sed
760 1379 812 1436 suh
828 1393 912 1434 ceno·
946 1380 997 1450 stip
1020 1393 1081 1434 nam
1100 1384 1181 1436 antea
1200 1393 1255 1434 non
1268 1384 1339 1435 crat.
1355 1379 1422 1436 item
1437 1386 1564 1438 tenemur
1578 1393 1691 1452 sperare
1709 1380 1751 1436 in-

111 1474 170 1529 uico
188 1476 398 1544 computantur.
418 1473 531 1544 Proprie
549 1485 617 1545 erpo
639 1469 777 1544 loquendo
796 1467 830 1524 de
851 1465 911 1539 lege
945 1482 1072 1541 gressum
1091 1470 1119 1525 in
1138 1483 1254 1541 regnum
1273 1467 1415 1526 coelorum
1436 1468 1530 1536 statim
1543 1475 1607 1542 post
1620 1474 1749 1543 mortem,

110 1578 177 1619 nora
191 1561 295 1626 divina,
311 1562 338 1618 iu
352 1560 397 1619 ille
417 1575 471 1618 non
491 1561 667 1618 inveniuntur
682 1563 828 1632 praecepta
842 1555 912 1615 iudi·
946 1557 968 1613 si
987 1559 1097 1629 peccati
1115 1557 1338 1630 impedimentum
1357 1559 1467 1615 omnino
1494 1558 1633 1616 subletum
1650 1565 1708 1630 est,
1723 1565 1752 1617 et

110 1650 196 1706 cialiu.
946 1645 1202 1704 similie.Praeterea
1215 1644 1250 1704 dc
1264 1653 1412 1719 praecepto
1425 1649 1550 1706 caritatis
1566 1647 1697 1722 Dei,quia
1711 1654 1750 1707 ts·

148 1744 174 1795 3.
186 1738 243 1796 Alia
259 1753 323 1796 vero
336 1737 392 1796 duo
407 1737 531 1796 membra
546 1738 634 1794 inhec
648 1737 708 1812 lege
723 1735 836 1794 inveniri
850 1739 912 1792 cer·
944 1748 1043 1792 nemur
1061 1735 1191 1808 explicite
1208 1734 1322 1809 diligere
1338 1739 1423 1794 Deum
1438 1739 1542 1794 trinum
1558 1743 1587 1794 et
1602 1754 1698 1795 unum.
1711 1740 1749 1798 De

110 1833 164 1884 tum
181 1833 235 1900 est,
244 1828 413 1902 colliguntur
426 1831 500 1886 enim
512 1834 607 1900 aperte
620 1843 654 1884 er
669 1828 738 1884 locis
748 1826 912 1898 scripturae
944 1823 1089 1882 dilectione
1112 1832 1205 1882 autem
1227 1827 1342 1897 proximi
1365 1826 1434 1883 dixit
1452 1827 1577 1884 Christus
1598 1827 1673 1884 loen.
1701 1831 1747 1885 li:

109 1933 189 1990 supra
205 1918 309 1976 citetis.
322 1919 389 1976 itam
404 1919 428 1974 iu
445 1919 541 1990 primis
553 1917 587 1975 de
602 1915 753 1975 moralibus
765 1921 810 1973 eat
822 1921 911 1974 totum
945 1911 1133 1972 Mandatum
1146 1929 1255 1972 socom
1265 1912 1304 1972 do
1313 1914 1403 1982 cobis,
1417 1920 1451 1972 ut
1464 1914 1600 1990 diliqutis
1610 1919 1745 1986 inuicem,

108 2015 191 2079 caput
203 2008 299 2066 llatth.
317 2015 349 2082 5,
371 2007 417 2065 ubi
437 2008 566 2066 Christus
580 2008 682 2066 virtute
701 2005 807 2064 contert
822 2005 911 2078 legem
945 2005 1023 2060 stom
1035 2001 1129 2061 dilect
1141 2019 1201 2070 nos,
1216 2003 1262 2062 ubi
1276 2018 1379 2062 roccos
1394 2012 1572 2078 praeueptum
1586 2021 1695 2063 uocum
1708 2007 1749 2064 in·

109 2110 183 2154 suam
199 2097 333 2154 moralem
347 2113 412 2154 cum
427 2097 524 2154 morali
539 2097 697 2170 entique,et
710 2093 841 2165 ostendit,
849 2108 912 2166 per·
945 2092 1020 2150 dicat
1037 2109 1098 2150 esse
1112 2093 1279 2166 positivum3
1301 2095 1408 2150 novitas
1422 2101 1515 2154 eutem
1529 2093 1638 2152 ridetur
1652 2097 1681 2152 in
1694 2095 1748 2152 hoc

109 2185 209 2242 lectioni
229 2187 311 2244 modo
326 2202 355 2243 se
369 2185 442 2244 iilum
457 2185 577 2257 tradere,
592 2201 625 2243 ec
639 2186 791 2254 declarare,
803 2183 908 2242 dicensi
944 2182 1105 2254 consistere,
1119 2189 1151 2240 ut
1163 2182 1288 2256 discipuli
1302 2183 1411 2257 Christi,
1423 2183 1450 2240 id
1464 2190 1508 2242 est
1517 2183 1670 2256 christiani,
1683 2200 1745 2258 par·

109 2279 168 2348 Epo
186 2280 290 2333 nutem
303 2273 370 2332 dico
383 2275 477 2342 nous,
493 2283 550 2334 etc.
566 2277 641 2333 Hanc
656 2276 727 2332 enirn
740 2275 794 2331 rim
810 2273 911 2333 hahent
944 2271 1059 2328 ticulare
1082 2279 1261 2345 praeceptum
1286 2273 1405 2331 habeant
1427 2287 1457 2329 se
1480 2271 1607 2346 diligendi
1635 2275 1747 2346 speciali

108 2365 176 2422 dicta
195 2365 295 2437 rerba,
320 2370 349 2422 ut
366 2366 552 2423 communiter
571 2365 742 2438 expositores
762 2369 868 2434 notent,
883 2369 912 2421 et
944 2361 1025 2419 modo
1038 2367 1067 2418 et
1080 2362 1213 2434 peculiari
1227 2362 1318 2436 titulo,
1331 2364 1397 2436 quio
1410 2363 1437 2419 in
1453 2378 1509 2422 uno
1523 2378 1643 2435 corpore
1657 2364 1745 2423 eidem
1765 2413 1767 2419 .

107 2455 276 2528 Augustinus
296 2456 380 2512 sensit
393 2455 440 2513 lih.
453 2459 475 2512 l.
488 2455 522 2511 de
536 2469 661 2512 sermone
672 2453 775 2512 Domini
789 2454 818 2509 in
833 2467 910 2510 mon·
943 2451 1028 2523 ospiti
1050 2451 1160 2508 Christo
1184 2453 1409 2525 coniunguntur,
1430 2454 1506 2510 sicut
1518 2453 1601 2511 etiem
1620 2453 1747 2512 Christus

108 2550 147 2616 te,
166 2551 194 2601 st
220 2549 245 2603 t.
260 2545 384 2602 Retract.
400 2559 462 2616 cap.
482 2548 525 2602 to.
541 2543 641 2601 Deinde
659 2545 736 2601 loun.
754 2547 799 2613 13,
815 2548 844 2598 et
862 2545 907 2614 tt,
944 2540 996 2598 hoo
1021 2541 1103 2598 titulo
1128 2541 1238 2614 speciali
1262 2542 1345 2599 modo
1358 2542 1419 2599 illos
1433 2541 1541 2617 diligit,
1556 2557 1589 2600 eo
1603 2545 1678 2616 quod
1691 2546 1748 2602 siut

108 2639 214 2689 renovet
233 2640 412 2706 praeceptum
431 2633 584 2691 dilectionis
606 2632 738 2705 proximi,
760 2629 835 2705 quod
850 2646 909 2687 mo·
943 2630 1067 2687 membra
1089 2645 1151 2688 sue.
1167 2632 1203 2688 Et
1225 2630 1262 2689 ita
1286 2631 1386 2690 sentire
1409 2632 1517 2690 ridetur
1532 2632 1644 2690 Toletus
1667 2632 1703 2690 ibi
1717 2635 1746 2692 iu

108 2721 161 2778 rate
180 2729 242 2788 est,
263 2728 291 2779 et
311 2721 378 2779 illud
401 2739 483 2780 suum
503 2722 657 2794 specialiter
671 2720 804 2794 appellat:
821 2721 847 2777 in
861 2720 908 2778 illu
942 2722 1153 2793 commentario,
1164 2726 1191 2778 et
1204 2720 1326 2778 adnotet.
1343 2725 1388 2798 io.
1403 2721 1455 2780 Ubi
1468 2720 1552 2788 addit,
1565 2727 1744 2795 praeceptum

107 2817 193 2868 autem
210 2817 358 2884 praecepto
373 2816 431 2870 tota
444 2813 487 2870 lex
502 2812 611 2870 moralis
625 2814 727 2870 virtute
741 2813 906 2882 continetur,
942 2810 1010 2868 illud
1028 2825 1081 2868 non
1100 2811 1185 2868 luisse
1205 2809 1238 2868 de
1255 2810 1402 2869 dilectione
1421 2812 1555 2885 proximi,
1570 2827 1642 2886 quae
1661 2811 1694 2870 ad
1714 2828 1745 2870 o·

108 2910 137 2958 ut
152 2903 256 2959 Patrius
274 2901 355 2976 dixit,
376 2909 484 2961 certum
498 2919 566 2977 ergo
579 2910 640 2974 est,
656 2909 805 2974 praecepto
819 2917 909 2959 mora·
942 2916 1019 2959 mnes
1038 2901 1160 2959 homines
1178 2900 1351 2971 extenditur,
1367 2901 1415 2958 sed
1435 2901 1469 2958 de
1482 2901 1645 2974 dilectione,
1661 2917 1746 2975 quem

106 2988 138 3046 liu
160 2991 294 3049 contineri
316 2993 342 3048 iu
362 2992 421 3066 lege
440 3008 525 3065 nora,
546 3000 575 3050 et
593 2993 714 3067 obligare
732 2991 906 3050 christianos.
944 2991 1102 3064 christiani,
1124 3006 1158 3048 eo
1177 2991 1252 3066 quod
1267 2991 1406 3048 christiani
1420 2998 1502 3064 sunt,
1516 2993 1588 3050 inter
1602 3007 1631 3048 se
1646 2992 1746 3050 hahere

106 3079 179 3146 Quod
194 3097 251 3137 non
266 3079 357 3138 solum
371 3087 413 3139 est
426 3097 524 3140 verum
538 3081 572 3139 de
587 3082 740 3154 praeceptis
752 3081 826 3155 tidei,
837 3083 905 3154 spei,
943 3087 1085 3152 tenentum
1107 3089 1136 3138 et
1159 3080 1212 3139 hoc
1235 3088 1414 3153 praeceptum
1437 3082 1494 3152 ait,
1521 3096 1583 3139 esse
1601 3082 1746 3156 proprium

105 3173 132 3224 et
144 3170 266 3227 caritatis
286 3169 365 3244 iquos
379 3186 431 3228 suo
441 3170 522 3228 modo
532 3173 604 3228 tuter
614 3170 727 3228 moralia
738 3172 822 3228 etiem
833 3185 909 3228 coru·
942 3171 1054 3245 Christi,
1065 3170 1129 3245 quia
1143 3188 1159 3227 a
1172 3170 1233 3227 solo
1249 3171 1306 3241 ipso
1320 3169 1416 3228 datum
1431 3177 1486 3240 est,
1498 3178 1528 3229 et
1543 3185 1646 3229 norum
1660 3171 1746 3230 luisse

105 3264 246 3331 putentur,
260 3267 293 3316 ut
306 3261 439 3333 superiori
454 3259 522 3318 libro
532 3259 750 3334 explicavimus),
762 3259 810 3317 sed
824 3261 907 3318 etiem
941 3262 970 3318 in
983 3267 1064 3318 nocte
1080 3275 1193 3331 coenae,
1205 3259 1270 3332 quis
1283 3259 1364 3316 etiem
1376 3257 1410 3315 ab
1421 3260 1479 3331 ipso
1489 3259 1597 3317 Christo
1608 3269 1687 3317 antea
1697 3259 1745 3318 ds·

105 3348 137 3406 de
152 3349 306 3423 praeceptis
321 3349 459 3423 beheimi,
476 3357 504 3407 et
516 3348 550 3406 de
564 3350 710 3419 omnihus,
726 3365 797 3424 quae
811 3349 846 3406 ud
861 3349 907 3406 illu
941 3355 1001 3406 tum
1015 3365 1070 3405 non
1084 3349 1185 3406 lueret.
1199 3349 1320 3420 Denique
1332 3363 1480 3420 possumus
1491 3347 1585 3409 similia
1598 3348 1689 3407 iacere
1701 3364 1745 3408 ar·

105 3446 280 3498 revocantur.
300 3441 368 3496 llum
388 3442 480 3512 priore
495 3440 695 3512 perfectissime
710 3445 791 3509 suut,
806 3445 836 3496 et
849 3453 906 3496 ma·
941 3436 1181 3511 gumentadealiis
1197 3438 1353 3509 praeceptis
1365 3436 1526 3508 moralibusr
1539 3453 1602 3496 num
1612 3437 1705 3497 llatth.
1715 3445 1743 3500 5.

106 3530 172 3587 rime
186 3531 324 3601 pertinent
338 3530 372 3587 ad
388 3530 581 3602 perlectionem
595 3530 662 3605 legis
675 3530 799 3603 grotiee3
815 3536 906 3601 poste·
941 3528 1048 3586 ridetur
1066 3528 1193 3585 Christus
1212 3527 1345 3585 Dominus
1359 3527 1463 3600 uliquas
1478 3528 1702 3587 circumstantias
1716 3532 1745 3587 in

105 3621 174 3676 rioru
189 3635 257 3678 vero
271 3620 354 3676 etiam
368 3626 433 3677 sunt
446 3622 612 3692 necessaria,
623 3620 688 3693 quia
703 3621 762 3676 sine
776 3617 830 3676 illis
843 3633 906 3675 uera
940 3618 993 3675 illis
1012 3618 1168 3690 praecipere
1180 3659 1187 3687 ,
1207 3632 1279 3690 quoe
1293 3631 1347 3673 non
1361 3624 1427 3674 sunt
1440 3617 1474 3674 de
1487 3619 1546 3675 iure
1563 3626 1696 3692 usturee,
1712 3627 1746 3677 ut

104 3709 203 3767 iustitia
219 3710 370 3768 subsistere
384 3725 440 3778 uon
454 3715 554 3782 potest.
571 3711 606 3766 lit
619 3710 658 3768 ita
671 3709 800 3767 Christus
816 3708 905 3765 Domi·
939 3712 983 3764 est
999 3713 1177 3779 praeceptum
1196 3705 1230 3762 de
1251 3705 1447 3764 insolubilitate
1457 3707 1649 3782 matrimonii,
1669 3714 1697 3765 et
1709 3709 1744 3768 de

106 3815 154 3856 nus
169 3797 335 3871 lielthcrp.
349 3799 510 3873 l.generale
519 3800 683 3872 principium
699 3797 819 3871 tradidit,
829 3796 906 3873 quud
940 3795 1067 3854 evitando
1081 3796 1234 3853 iuramento
1249 3810 1298 3868 per
1314 3795 1423 3854 coelum
1437 3803 1466 3854 et
1480 3804 1593 3872 terrem,
1604 3805 1659 3856 etc.
1675 3799 1743 3857 item

107 3888 463 3946 omniamuraliacontiuet:
481 3885 802 3964 Quoscucsqueoultls,
817 3884 906 3960 uiso·
940 3891 1118 3960 praeceptum
1133 3883 1210 3942 illud:
1228 3882 1400 3958 benefacite
1413 3889 1460 3958 iis,
1477 3889 1529 3961 qut
1542 3885 1668 3947 oderunt
1680 3904 1742 3947 vos.
1838 3901 1840 3906 ’

106 3980 185 4036 mom
197 3977 280 4036 uobis
294 3978 436 4050 bomiscos,
448 3982 476 4034 et
488 3993 539 4035 voe
545 3976 645 4050 sorite
658 3975 733 4046 ollem
746 3978 791 4034 cui
806 3992 905 4034 conso·
940 3979 1006 4034 item
1018 3975 1045 4033 in
1056 3982 1203 4048 praecepto
1214 3974 1344 4032 orationis
1354 3974 1458 4034 addidit
1468 3977 1614 4050 specialem
1626 3978 1743 4038 ternam

107 4073 159 4130 nat,
171 4067 239 4126 illud
259 4066 335 4124 Puuli
354 4067 387 4124 ael
406 4065 494 4123 Celet.
512 4071 543 4124 6:
565 4065 649 4124 Alter
667 4066 792 4125 ulterius
811 4081 905 4124 onero
941 4065 1035 4124 orandi
1047 4064 1141 4122 lletth.
1155 4068 1223 4138 ti,et
1232 4064 1290 4122 eliis
1303 4065 1370 4122 locis
1383 4065 1491 4124 ridetur
1501 4070 1661 4142 praecipere
1671 4070 1744 4128 chri·

103 4161 234 4232 portule,
257 4159 285 4211 el
308 4157 352 4212 sin
376 4153 579 4229 adimplebitis
598 4155 691 4230 leqem
714 4157 842 4222 Christi,
860 4156 907 4213 uhi
941 4156 1036 4214 stienis
1050 4154 1198 4228 specialem
1212 4155 1394 4228 frequentiam
1409 4156 1558 4230 orendi,et
1572 4157 1745 4218 modumex·

106 4261 159 4303 non
169 4247 290 4304 obscure
302 4245 448 4318 significat,
458 4247 545 4319 legem
555 4247 655 4305 Christi
668 4253 754 4305 totam
766 4246 836 4304 hanc
849 4262 907 4305 me·
941 4245 1033 4320 pliciis
1047 4244 1155 4318 petendi
1169 4260 1219 4316 per
1233 4245 1418 4318 ipsum,loan.
1433 4250 1476 4319 tl,
1487 4253 1516 4304 et
1530 4251 1574 4321 163
1588 4250 1643 4305 imo
1653 4255 1743 4307 totum

107 4335 198 4393 teriam
213 4335 346 4392 moralem
360 4336 518 4409 complecti.
781 4395 785 4404 ,
941 4342 1119 4410 praeceptum
1143 4335 1241 4392 orandi
1265 4335 1374 4394 videtur
1398 4330 1564 4411 positivum,
1586 4345 1614 4396 et
1626 4341 1745 4397 maximo

142 4429 168 4482 l.
188 4425 270 4483 Circa
288 4424 358 4481 heus
375 4439 440 4482 uero
456 4431 560 4497 partem
574 4424 691 4483 dubitari
706 4431 814 4499 potest,
830 4439 864 4506 an
879 4427 906 4484 iu
941 4425 1082 4500 proprium
1096 4425 1399 4498 christianorumque
1414 4427 1590 4488 ususorundi
1604 4429 1742 4506 antiquior
1819 4453 1827 4470 =

105 4513 155 4570 bac
170 4514 283 4573 materia
297 4515 394 4572 morali
407 4514 535 4573 Christus
547 4518 679 4573 Dominus
690 4514 802 4591 aliquod
814 4516 908 4588 positi·
943 4523 973 4574 et
987 4516 1170 4574 universalior
1184 4518 1229 4574 sit.

105 4619 168 4661 vum
182 4610 362 4676 proeceptum
381 4603 516 4663 addiderit
532 4613 640 4678 praeter
654 4609 746 4664 omniu
760 4612 908 4680 praecepte
982 4614 1009 4666 5.
1024 4607 1202 4666 Nihilominus
1215 4605 1365 4665 dicendum
1377 4615 1438 4683 est,
1453 4609 1479 4666 in
1494 4609 1551 4685 lege
1565 4611 1669 4685 gratiae
1682 4611 1745 4671 nul·

105 4694 230 4768 moratia,
243 4709 314 4767 quae
328 4694 459 4752 dicuntur
473 4710 534 4752 esse
543 4696 612 4758 iuris
624 4697 765 4768 naturalis,
774 4699 831 4754 sive
842 4712 907 4754 con-
942 4698 999 4756 lum
1018 4712 1079 4754 esse
1098 4696 1220 4755 additum
1240 4697 1378 4756 aCbristo
1399 4707 1577 4772 praeceptum
1597 4701 1745 4775 positivum

105 4787 222 4842 sentanei
238 4784 362 4842 rationali
377 4790 492 4842 naturae
508 4801 575 4858 pure
589 4791 725 4860 sumptus,
745 4789 802 4845 sive
816 4789 907 4846 eleua-
943 4787 1055 4846 morule.
1068 4788 1213 4846 sumimus
1228 4794 1322 4846 autem
1337 4787 1452 4846 morale
1466 4789 1572 4863 stricte,
1585 4799 1616 4850 ut
1626 4809 1641 4850 e
1651 4808 1745 4852 caere·

105 4877 146 4929 tue
160 4875 348 4947 pergratiam,
364 4889 414 4932 seu
428 4877 616 4934 connaturalis
630 4878 683 4956 ipsi
697 4878 808 4951 gratiae.
825 4878 905 4936 Vide·
943 4877 1052 4936 mouisti
1068 4877 1259 4950 distinguitum
1274 4885 1389 4952 nem,ut
1402 4877 1471 4937 libro
1486 4881 1619 4953 superiori
1632 4882 1745 4942 adnota-

104 4967 150 5020 tur
167 4965 241 5021 eninr
259 4962 400 5036 Christus,
418 4965 503 5023 multa
518 4975 665 5040 praecepte
680 4968 798 5040 positiva
812 4969 840 5026 in
854 4968 907 5026 bac
943 4967 1133 5041 rimus,otiam
1145 4968 1358 5026 caeremoniales
1369 4975 1449 5026 aetus
1460 4979 1577 5043 possunt
1587 4971 1640 5031 dici
1653 4989 1745 5033 mors·

105 5056 219 5112 materie
232 5053 378 5113 addidisse.
395 5057 462 5114 Num
476 5056 502 5113 in
514 5057 611 5130 primis
623 5065 666 5118 est
679 5060 787 5117 orionus
801 5060 906 5118 theolo-
943 5060 1001 5133 les,
1019 5065 1156 5134 quotenus
1175 5056 1209 5116 ed
1227 5059 1358 5117 virtutem
1378 5060 1509 5119 moralem
1528 5063 1669 5138 religionis
1683 5081 1745 5139 spe·

105 5159 221 5216 gerum,
240 5160 312 5219 quos
330 5145 398 5204 iutra
416 5145 550 5221 celerem,
571 5148 597 5205 in
615 5149 675 5225 lege
689 5165 759 5208 nors
773 5165 828 5207 non
844 5166 905 5209 esse
943 5156 1037 5221 stent,
1057 5157 1086 5206 et
1103 5149 1164 5206 eius
1182 5147 1354 5207 honestatem
1370 5151 1501 5210 moralem
1520 5154 1700 5230 participent,
1720 5157 1747 5214 in

106 5233 157 5294 elie
170 5243 333 5310 praecepta,
347 5235 398 5296 nisi
411 5235 473 5296 tidei
486 5244 515 5297 et
528 5246 777 5300 sacramentorum.
796 5241 906 5317 Exque
943 5255 1001 5318 quo
1020 5255 1104 5300 sensu
1118 5233 1244 5300 Christus
1259 5238 1323 5300 tulit
1336 5237 1444 5318 aliquot
1459 5243 1573 5306 moralis
1585 5253 1744 5323 praecepta,
