4278 6242
866 365 974 418 crrur
988 367 1090 418 xxm.
1698 350 1761 416 125

186 496 214 551 3.
228 493 320 550 Prima
332 491 429 567 regula
442 498 495 550 est:
508 491 621 560 Quando
633 491 720 551 torma
730 492 898 566 praescripta
910 507 958 564 ρει
977 531 979 542 .
995 501 1100 552 tantum
1114 501 1222 566 partem
1232 500 1339 568 ponunt
1350 493 1582 568 expressecuius
1593 491 1660 551 ratio
1675 508 1735 550 εεεε
1750 509 1800 565 pa·

142 582 234 658 legem
249 582 374 640 continet
391 581 542 641 naturalem
564 583 748 662 aequitatem,
765 591 832 641 tunc
847 582 958 639 emissio
994 589 1065 653 test,
1081 585 1145 657 quia
1160 585 1314 642 substantia
1327 591 1356 644 ει
1373 587 1490 643 essentia
1504 587 1542 642 rei
1556 590 1599 642 est
1611 583 1797 657 immutabilis,

143 676 206 732 eius
222 672 314 731 reddit
334 679 429 730 actum
453 672 614 744 invalidum,
631 689 683 730 non
704 688 769 729 vero
791 671 857 728 alias
872 673 893 728 si
915 671 958 728 lex
993 680 1020 729 et
1033 672 1095 730 ideo
1108 674 1129 729 si
1144 689 1193 746 per
1206 675 1376 732 voluntatem
1388 677 1473 746 partis
1484 673 1609 732 cedentis
1620 675 1674 731 iuri
1687 690 1738 730 suo
1749 690 1799 745 po·

143 779 202 821 non
224 763 324 820 babeat
343 763 497 820 clausulam
521 762 683 822 irritantem.
708 760 871 834 Exemplum
891 777 953 818 esse
995 768 1050 819 test
1063 767 1143 819 actus
1163 764 1254 821 valere
1274 765 1332 821 sine
1354 763 1399 822 tali
1420 763 1602 825 solemnitate,
1618 763 1726 836 signum
1744 768 1798 837 est,
1867 795 1869 802 ,

144 858 242 927 potest
258 855 286 908 in
307 852 395 909 lorma
413 851 543 924 iudiciali,
559 867 629 924 quae
649 851 742 922 babet,
758 857 791 908 ut
810 852 866 908 sine
879 866 958 923 prae·
992 851 1069 912 illum
1081 869 1134 910 non
1148 869 1209 911 csse
1220 854 1254 912 (ιε
1270 855 1477 912 substantia.Et
1489 861 1717 926 consequentera
1731 868 1799 910 con·

145 942 259 1000 cedenti
283 942 391 998 infamia
405 949 501 1000 contra
521 929 647 1016 aliquem’
657 958 709 999 non
731 941 909 1011 procedatur,
924 941 958 998 de
992 943 1088 1014 traria,
1103 943 1214 1017 quando
1229 951 1272 1001 εει
1286 952 1342 1002 mm
1356 946 1528 1016 necessaria,
1544 951 1576 1000 ιιι
1590 944 1671 999 ctiam
1686 958 1734 1014 per
1748 959 1797 1000 vo·

144 1030 194 1088 illo
209 1031 237 1088 in
253 1031 414 1104 particulari
434 1031 609 1105 inquirendo,
626 1032 668 1088 vsi
686 1031 761 1105 quod
774 1031 916 1088 accusatio
931 1033 958 1088 in
992 1032 1124 1091 luntutom
1137 1034 1358 1092 contrabentium
1372 1036 1475 1092 auferri
1487 1051 1541 1090 non
1555 1034 1655 1105 possit,
1667 1048 1798 1106 magnum

144 1122 258 1194 scriptis
273 1124 330 1194 liat,
346 1129 375 1178 et
399 1121 577 1179 denunciatio
597 1121 776 1194 praecedente
791 1121 957 1202 monitione,
993 1131 1186 1196 argumentum
1199 1133 1254 1198 est,
1269 1125 1474 1182 substantialem
1489 1139 1560 1181 esse.
1583 1161 1584 1170 .
1658 1143 1662 1152 ’

145 1229 175 1269 c.
188 1215 407 1286 Inquisitionis,
424 1211 458 1268 de
475 1219 600 1269 accusat.
618 1219 647 1269 ει
660 1227 724 1284 εερ.
736 1215 819 1269 Licet
831 1210 907 1272 Hele
925 1209 958 1266 de
1032 1219 1058 1272 6.
1074 1214 1174 1271 Tamen
1189 1215 1255 1271 baec
1270 1217 1349 1272 etiam
1365 1215 1459 1287 regula
1472 1213 1606 1288 generalis
1621 1229 1674 1269 non
1688 1218 1750 1285 est,
1766 1220 1796 1270 et

146 1305 248 1361 simon.
264 1317 330 1360 cum
348 1302 491 1359 similibus.
507 1304 576 1359 Nam
590 1301 635 1360 illa
652 1303 743 1358 omnia
758 1308 911 1358 nascuntur
925 1317 957 1356 ex
992 1310 1126 1376 qnantum
1138 1305 1233 1362 attinet
1248 1305 1282 1361 ad
1297 1321 1341 1363 ιεε
1355 1305 1484 1375 morales,
1494 1320 1590 1377 parum
1603 1303 1684 1360 habet
1695 1303 1797 1370 utilita-

147 1393 270 1450 naturali
284 1395 435 1467 aequitate,
452 1398 479 1448 et
494 1391 556 1449 ideo
571 1392 661 1448 omnia
675 1389 862 1448 substantialia
877 1404 958 1460 repu·
992 1395 1110 1450 tie.Nam
1126 1394 1152 1450 in
1166 1395 1260 1467 primis
1272 1395 1347 1452 eirca
1363 1398 1482 1468 priorem
1496 1402 1601 1467 purtem
1616 1393 1717 1451 multae
1732 1400 1798 1451 sunt

148 1490 254 1541 tantur.
993 1483 1180 1541 solemnitates
1192 1491 1307 1542 actuum
1319 1485 1502 1543 accidentales
1515 1492 1632 1554 tantum,
1642 1500 1712 1557 quae
1724 1490 1799 1541 tanta

186 1579 216 1632 ι.
232 1575 327 1630 Ροιεει
345 1579 437 1629 autern
459 1572 534 1643 prior
548 1585 612 1642 pars
633 1570 717 1626 buius
738 1569 850 1644 regulae
871 1569 958 1642 dupli·
991 1573 1154 1630 necessitate
1175 1582 1240 1630 sunt
1261 1582 1443 1647 praeceptae,
1468 1580 1498 1632 nt
1522 1591 1575 1631 non
1596 1574 1702 1646 possint
1722 1574 1797 1631 licita

147 1679 210 1721 cern
225 1661 327 1718 babere
345 1677 469 1718 sensum.
481 1662 558 1720 Unus
572 1666 624 1734 est,
638 1669 670 1718 ut
683 1660 853 1734 intelligatur
866 1660 898 1717 de
915 1675 958 1717 ae·
993 1663 1090 1730 omitti,
1102 1664 1182 1720 etiam
1197 1679 1230 1719 ex
1244 1665 1384 1720 volitatate
1398 1665 1626 1736 operantiumilt
1641 1668 1751 1720 constat
1763 1662 1797 1720 (ιε

146 1755 253 1838 ιριιιιειε
266 1735 421 1809 necessaria
438 1767 471 1809 ex
481 1767 510 1807 se
521 1750 555 1808 ad
568 1751 686 1808 valorem
700 1757 791 1823 actus,
805 1751 842 1808 ita
853 1757 883 1807 ut
897 1751 956 1807 eius
992 1753 1165 1811 solemnitate
1181 1757 1422 1812 Sacramentornm
1437 1754 1615 1825 accidentali,
1632 1754 1674 1824 vd
1693 1755 1798 1811 sacriti-

145 1845 258 1901 cmissio
278 1842 409 1914 impediat
427 1859 461 1900 ex
483 1849 582 1899 natura
602 1843 641 1898 rei
661 1842 780 1898 valorem
802 1849 880 1898 actus
899 1885 906 1912 ,
929 1848 956 1899 et
992 1843 1026 1900 cii
1040 1845 1150 1914 Missae,
1166 1853 1194 1901 ει
1211 1844 1244 1901 (ιε
1260 1845 1378 1916 publicis
1392 1844 1641 1902 denuntiationibus
1659 1844 1798 1901 matrimo-

146 1943 218 1994 tuuc
233 1950 249 1990 a
263 1933 368 1990 lortiori
386 1932 429 1990 lar
449 1933 566 2005 positiva
581 1947 685 2004 ponens
700 1930 815 1988 lormnm
836 1933 958 2002 praecise
994 1934 1040 1989 nio
1061 1934 1278 2008 praemittendis,
1298 1944 1325 1991 et
1345 1934 1378 1992 de
1400 1935 1488 2010 lorma
1506 1951 1555 2007 pro
1577 1934 1799 1992 excommunica·

146 2025 328 2082 lundatamin
343 2021 391 2080 illa
410 2024 558 2094 aequitate,
571 2023 648 2094 ponit
662 2021 734 2078 illam
746 2027 777 2077 nt
792 2017 959 2078 substantia·
993 2022 1064 2079 tione
1085 2027 1253 2095 praescripta
1269 2026 1295 2080 in
1317 2040 1379 2096 cap.
1396 2027 1419 2082 ι.
1436 2024 1469 2082 de
1489 2025 1623 2082 sententia
1635 2039 1795 2083 excommu-

146 2115 215 2184 lem,
226 2115 264 2170 ita
275 2120 306 2169 ut
324 2114 435 2169 omissio
447 2113 518 2169 illius
534 2110 631 2168 reddat
644 2118 736 2168 actum
753 2110 870 2181 nullum,
884 2110 959 2184 qnod
993 2113 1135 2169 nicationis
1151 2115 1177 2168 ia
1192 2118 1219 2171 6.
1234 2115 1269 2171 Ει
1283 2115 1350 2170 ratio
1364 2119 1422 2185 est,
1438 2115 1502 2186 qtria
1515 2117 1606 2171 etiam'
1618 2120 1797 2187 praeceptum

146 2221 181 2262 cx
196 2220 227 2260 se
242 2209 354 2276 notum3
370 2205 435 2275 quia
452 2202 515 2260 talis
531 2203 571 2258 lex
587 2218 642 2259 non
659 2208 713 2259 tam
729 2207 809 2258 esset·
821 2202 961 2258 constitu·
993 2203 1026 2261 de
1040 2204 1130 2272 lornu
1145 2203 1309 2260 accidentali
1328 2210 1420 2276 ροιεει
1433 2220 1486 2260 non
1505 2206 1644 2277 respicere
1663 2205 1798 2275 privatum

147 2295 215 2364 tiva,
228 2295 311 2364 quam
325 2289 490 2349 declarativa
506 2291 730 2363 iurisnatumlis,
742 2291 852 2365 quando
867 2291 902 2348 ibi
918 2293 958 2347 in·
996 2294 1171 2352 commodum
1187 2294 1335 2367 operantis,
1352 2293 1400 2352 sed
1416 2310 1573 2366 commune,
1590 2291 1631 2349 rel
1646 2293 1685 2349 rei
1700 2291 1799 2350 decen-

146 2383 293 2442 tercedere
308 2384 482 2455 supponitur.
495 2383 571 2440 Unde
591 2381 625 2439 ad
640 2381 861 2455 cognoscendam
878 2381 959 2438 talem
993 2385 1070 2455 tiam,
1085 2391 1114 2440 et
1134 2383 1298 2458 aequitatem
1320 2384 1473 2442 secundum
1489 2401 1535 2455 se,
1551 2391 1579 2440 ει
1600 2383 1658 2441 ideo
1673 2400 1726 2439 non
1748 2400 1796 2455 po·

146 2475 251 2548 legem,
272 2479 299 2530 ει
312 2474 371 2529 eiua
385 2473 564 2545 aequitatem,
592 2471 724 2529 utendum
744 2476 787 2528 est
799 2470 901 2544 regulis
913 2488 959 2527 su·
995 2480 1048 2532 test
1062 2474 1185 2546 privatus
1200 2489 1316 2546 operans
1331 2473 1368 2530 iili
1384 2474 1551 2530 renuntiare.
1565 2475 1657 2543 Dices,
1673 2475 1798 2546 quamvis

145 2581 200 2638 pra
215 2565 310 2636 positis
324 2563 358 2620 de
373 2563 431 2636 lege
450 2563 579 2619 naturali.
595 2563 631 2619 Et
648 2560 707 2618 ideo
722 2561 766 2618 bic
786 2577 885 2618 sensus
899 2576 954 2617 non
995 2581 1050 2622 non
1078 2565 1165 2637 possit
1183 2567 1222 2622 ita
1242 2564 1413 2637 renuntiare,
1435 2571 1467 2621 ιιι
1491 2563 1563 2620 ιιειιε
1584 2563 1658 2620 illam
1679 2563 1797 2636 omittat,

148 2657 264 2729 proprie
283 2661 390 2728 spectat
406 2654 440 2712 ad
462 2655 580 2712 sormam
600 2653 760 2725 positivam,
776 2651 810 2710 de
829 2667 884 2725 qua
905 2652 959 2724 agi·
995 2670 1074 2726 passe
1090 2661 1193 2725 tamen,
1208 2656 1246 2711 ita
1260 2660 1292 2710 ut
1305 2653 1404 2711 valide.
1417 2653 1471 2712 Sed
1486 2653 1539 2710 buc
1553 2652 1616 2709 nibil
1632 2653 1717 2724 iuvat,
1734 2654 1799 2726 quia

147 2763 225 2803 mus.
242 2745 317 2802 alius
337 2760 402 2818 ergo
422 2761 519 2802 sensus
534 2760 594 2801 εεεε
615 2749 706 2816 ροιεει
720 2742 752 2799 de
773 2744 862 2800 torma
885 2742 960 2799 insti·
994 2745 1038 2801 illa
1052 2746 1218 2802 renuntiatio
1233 2743 1307 2802 nulla
1320 2749 1373 2817 est,
1386 2744 1548 2818 nullumque
1559 2745 1687 2801 allectum
1703 2743 1796 2819 babet3

148 2843 213 2893 tuta
232 2835 259 2892 ia
280 2834 339 2907 lega
360 2834 499 2890 moraliter
522 2833 677 2890 neccssaria
698 2831 731 2890 ad
757 2831 956 2890 observandam
994 2851 1056 2891 nam
1071 2835 1126 2892 sive
1141 2835 1201 2905 liat,
1217 2836 1274 2890 sive
1289 2851 1341 2890 noa
1357 2835 1418 2906 liat,
1434 2835 1504 2892 idem
1519 2835 1584 2905 erit,
1600 2850 1663 2891 nam
1677 2834 1751 2892 lacte
1765 2842 1794 2892 et

147 2926 335 2999 aequitatem,
351 2923 415 2996 quia
434 2924 498 2980 licet
511 2939 563 2981 non
579 2923 740 2994 intrinsece,
757 2938 845 2996 neque
860 2938 954 2980 neces·
994 2941 1048 2982 non
1064 2925 1136 2982 laeta
1158 2925 1359 2982 renuntiatione
1380 2931 1516 2982 natusest
1535 2923 1652 2995 validus,
1668 2930 1696 2980 ει
1716 2931 1791 2979 utro·

148 3019 226 3074 sario
240 3030 274 3071 cx
287 3031 317 3071 se
330 3014 406 3071 illam
423 3017 578 3086 contineat,
594 3015 768 3071 nibilominus
785 3015 842 3072 sine
857 3014 903 3070 illa
917 3013 960 3071 vel
994 3029 1047 3087 que
1061 3016 1141 3072 modo
1161 3021 1204 3071 εει
1215 3015 1435 3087 peccaminosus.
1452 3014 1479 3071 Si
1492 3030 1559 3087 ergo
1575 3021 1641 3072 tuuc
1657 3020 1736 3071 actus
1751 3020 1794 3070 est

148 3123 312 3180 nunquam,
328 3105 370 3162 vel
385 3105 555 3179 frequentius
576 3122 631 3162 non
650 3105 805 3162 servabitur
820 3106 956 3177 aequitas,
995 3104 1117 3177 validus,
1140 3121 1193 3161 nou
1212 3111 1255 3161 est
1269 3107 1334 3177 quia
1353 3104 1440 3161 larma
1463 3106 1613 3162 renuntiari
1628 3105 1730 3177 possit,
1747 3103 1796 3160 sed

148 3205 259 3255 etcum
273 3196 318 3253 illa
336 3196 507 3268 frequentius
527 3194 692 3251 servabitur.
707 3196 742 3252 Et
762 3196 786 3251 in
802 3194 854 3250 hoc
874 3211 959 3254 sensu
994 3195 1059 3267 qnia
1072 3193 1232 3267 supponitur
1245 3209 1304 3250 esse
1320 3193 1505 3268 accidentalis,
1521 3191 1597 3268 quod
1610 3194 1718 3252 aliunde
1733 3192 1791 3250 col-

149 3296 194 3346 est
208 3287 354 3359 probabilis
370 3285 479 3358 regula,
499 3287 615 3342 manime
629 3284 737 3358 quando
754 3285 908 3357 periculum
923 3284 955 3340 il·
994 3282 1078 3356 ligere
1093 3299 1207 3340 neccsse
1222 3292 1274 3340 est.

149 3377 199 3435 lud
214 3376 319 3434 lraudis
330 3391 379 3432 seu
396 3375 546 3450 iniquitatis
557 3392 611 3432 non
626 3376 715 3432 sulum
727 3375 847 3433 imminet
859 3378 884 3430 in
899 3377 959 3446 ipso
1034 3375 1154 3431 Alteram
1168 3376 1250 3431 etiam
1268 3381 1374 3446 partem
1389 3374 1469 3432 buius
1489 3375 1636 3432 sententiae
1652 3376 1797 3447 impugnat

150 3475 235 3538 actu,
251 3465 300 3523 sed
320 3466 400 3522 etiem
415 3465 441 3520 in
462 3466 555 3523 valore
569 3473 597 3523 et
615 3465 755 3523 effectibus
774 3467 842 3522 eius.
858 3465 959 3522 Nihilo·
993 3467 1176 3523 Panormitam.
1192 3467 1219 3520 ia
1240 3463 1313 3521 dicto
1334 3467 1421 3538 capite
1436 3469 1519 3533 ibis,
1539 3467 1573 3522 de
1588 3464 1713 3522 testibus.
1729 3464 1797 3531 Quia

150 3559 243 3626 minus
260 3563 350 3612 tamen
363 3555 447 3611 etiam
468 3554 519 3610 hoe
536 3555 616 3611 modo
630 3555 725 3628 regula
740 3569 788 3627 per
803 3571 831 3610 εε
849 3562 961 3613 nonest
993 3554 1175 3622 iuramentum
1199 3561 1242 3610 est
1261 3551 1294 3609 de
1320 3555 1473 3611 substantia
1493 3555 1641 3611 testimonii
1662 3553 1796 3610 iudicialis

150 3645 310 3716 infallibilis,
323 3660 374 3700 nec
394 3643 545 3715 sufficiens,
561 3661 625 3702 nam
640 3635 703 3701 licet
717 3645 769 3701 boo
781 3645 815 3701 sit
829 3661 958 3718 magnum
995 3648 1111 3716 capDe
1126 3644 1255 3712 testibus,
1270 3645 1376 3717 eodem,
1389 3651 1416 3701 ει
1428 3651 1516 3700 teman
1529 3659 1577 3715 per
1592 3651 1683 3716 partes
1695 3658 1796 3699 renun-

151 3736 302 3806 indicium,
319 3735 395 3808 quod
412 3735 453 3804 lep
468 3737 617 3792 constituat
631 3736 703 3792 illam
719 3736 834 3792 sormam
851 3741 881 3790 nt
895 3735 959 3792 sub·
994 3736 1056 3791 tiari
1073 3734 1246 3806 potestdicto
1262 3750 1324 3806 cap.
1335 3732 1597 3805 Taisitsspondent
1609 3732 1794 3798 Falinetalii,

152 3824 320 3897 stantialem,
336 3824 427 3881 solum
446 3840 499 3881 non
516 3824 620 3881 sullicit
634 3825 691 3881 siae
705 3824 763 3880 aliis
777 3825 958 3894 coniecturis,
994 3824 1178 3880 iuramentum
1199 3840 1260 3880 esse
1286 3823 1395 3897 qttidem
1415 3823 1603 3900 necessarium
1623 3821 1656 3878 ad
1676 3822 1796 3878 valorem

151 3916 195 3972 vel
207 3917 304 3972 maiori
318 3913 493 3972 fundamento
509 3914 534 3970 in
548 3913 732 3988 verbisdegis,
746 3919 779 3970 ut
791 3929 824 3970 ex
838 3913 959 3971 dicendis
995 3914 1154 3986 testimonii,
1171 3914 1193 3970 si
1207 3921 1297 3986 partes
1312 3930 1367 3970 non
1381 3913 1536 3971 renuntient
1549 3915 1602 3970 iuri
1618 3929 1685 3982 suo,
1702 3911 1797 3969 nibilo-

150 4007 241 4079 magis
261 4005 405 4062 constabit.
421 3995 496 4062 Unde
518 4004 621 4064 certior
634 4010 678 4060 est
695 4004 815 4061 secunda
830 4020 894 4076 pars
913 4020 959 4060 ne·
994 4009 1085 4063 minus
1100 4013 1190 4064 tamen
1206 4022 1259 4063 non
1281 4022 1342 4062 esse
1356 4006 1389 4064 ιιε
1411 4005 1574 4077 substantia,
1589 4004 1654 4077 quia
1672 4001 1796 4058 absolute

150 4097 244 4169 gaurs
264 4094 385 4166 regulae.
402 4095 468 4150 Nam
486 4093 507 4148 si
530 4095 616 4150 torma
630 4109 683 4150 non
704 4101 747 4150 est
764 4093 797 4152 de
820 4109 848 4150 ιε
862 4110 911 4166 ρει
931 4109 959 4151 sc
994 4096 1132 4170 loquendo
1148 4096 1270 4167 separari
1285 4102 1376 4168 potest
1386 4095 1419 4152 ab
1433 4101 1509 4152 actu.
1520 4093 1573 4151 Sed
1589 4093 1656 4150 haec
1670 4090 1797 4166 specula·

150 4185 303 4244 admodum
316 4185 469 4241 necessarie
480 4183 512 4239 ad
529 4187 703 4259 aequitatem,
718 4182 765 4240 sed
776 4183 809 4240 ad
821 4193 958 4258 ornatum,
993 4189 1030 4243 tio
1046 4202 1142 4258 parum
1157 4186 1239 4242 ιειειι
1252 4185 1285 4242 ad
1300 4201 1358 4243 rem
1372 4185 1518 4242 moralem:
1534 4183 1580 4240 bic
1594 4183 1665 4239 enirn
1682 4182 1714 4239 de
1729 4182 1796 4238 sub-

150 4276 194 4332 rel
206 4275 242 4332 ad
257 4274 354 4331 melius
368 4289 440 4345 esse,
453 4282 480 4330 et
492 4275 593 4347 alioqui
610 4289 663 4330 non
679 4273 817 4330 adduntur
827 4276 910 4331 rerba
923 4277 960 4331 ir·
994 4277 1093 4333 stantia
1107 4290 1239 4332 vocamus
1260 4269 1392 4348 quidquid
1414 4282 1467 4332 tam
1490 4274 1677 4330 necessarium
1697 4279 1741 4329 est
1761 4272 1796 4329 ad

151 4365 275 4434 ritantia,
288 4379 342 4420 non
360 4371 402 4419 εει
418 4362 490 4420 unde
503 4362 548 4419 illa
561 4363 649 4420 lorma
663 4364 751 4436 possit
765 4362 880 4420 iudicari
895 4364 960 4420 sub·
994 4367 1116 4423 valorem
1129 4373 1226 4433 actus,
1250 4374 1334 4436 prout
1347 4365 1438 4432 hicet
1456 4372 1522 4422 tunc
1537 4365 1580 4435 lit,
1598 4371 1629 4421 ut
1642 4364 1700 4420 eius
1715 4364 1798 4421 omis·

150 4453 298 4511 stantialis.
318 4455 404 4510 Secus
426 4468 491 4510 ιειο
512 4454 579 4522 erit,
601 4453 622 4507 si
643 4452 685 4509 lex
706 4453 788 4510 addat
808 4449 960 4510 clausuldm
996 4451 1795 4527 sioreddatactumnullum3loquendoantembocmodo‚

150 4544 319 4610 irritantem,
341 4543 404 4614 quia
426 4542 494 4613 legis
515 4541 638 4598 efficacia
659 4541 692 4599 ad
713 4543 764 4598 boc
785 4543 893 4600 extendi
912 4561 961 4616 po·
995 4552 1189 4619 argumentum
1222 4544 1383 4616 convincit,
1411 4544 1528 4616 aliquam
1560 4543 1796 4600 circumstantiam

151 4639 223 4704 test,
239 4641 267 4689 et
285 4647 334 4704 per
347 4632 393 4688 illa
411 4631 495 4689 rerba
510 4635 575 4689 satis
589 4633 757 4706 significatur
770 4634 814 4691 ille
832 4635 958 4709 allectus,
993 4651 1075 4708 posse
1088 4651 1148 4692 esse
1166 4636 1364 4707 necessariam,
1381 4636 1428 4690 oui
1443 4635 1589 4692 renuntiari
1604 4633 1705 4705 possit,
1724 4633 1798 4688 sieut

150 4729 183 4779 ut
197 4720 362 4784 videbimus.
994 4732 1055 4782 erat
1068 4741 1157 4782 annus
1178 4725 1344 4796 probationis
1359 4731 1420 4781 anta
1441 4724 1588 4781 concilium
1609 4723 1794 4781 tridentinum.

192 4817 220 4869 5.
237 4809 366 4867 Secunda
380 4809 476 4884 regula
489 4805 544 4867 es't:
557 4811 670 4878 Quando
685 4811 773 4870 iorma
786 4813 848 4870 talis
862 4819 915 4887 est,
928 4821 960 4872 ut
993 4815 1069 4873 Unde
1080 4817 1104 4870 in
1118 4815 1164 4873 illo
1178 4815 1303 4888 exemplo
1316 4831 1412 4871 veram
1423 4814 1534 4887 quidem
1545 4820 1597 4884 est,
1609 4815 1795 4872 iuramentum

153 4901 307 4959 renuntiari
320 4917 374 4956 non
391 4901 493 4973 possit,
511 4902 695 4959 substantialis
709 4911 766 4960 est:
784 4904 805 4960 si
820 4920 883 4961 vero
897 4921 960 4976 pos·
994 4921 1047 4962 nou
1062 4921 1123 4962 esse
1138 4905 1171 4961 de
1190 4904 1358 4980 substantia,
1374 4921 1424 4961 seu
1438 4904 1600 4962 necessitate
1616 4903 1702 4961 omnis
1722 4901 1797 4958 testi·

153 4991 190 5048 sit
205 4992 367 5062 renuntiari,
378 5006 432 5047 non
448 4992 501 5048 erit
511 4991 546 5048 da
560 4991 720 5049 substantia.
731 4994 855 5052 insinuat
869 4995 956 5052 Gloss.
994 4979 1077 5052 monii
1092 4994 1181 5067 ualidi,
1195 4996 1258 5067 quia
1274 5000 1362 5066 potest
1377 4993 1522 5067 aliquando
1533 5010 1593 5052 esse
1609 4993 1728 5050 validum
1743 4992 1796 5050 sal·

153 5083 180 5137 in
202 5081 290 5155 capite
300 5086 344 5139 Dc
359 5085 473 5150 causis,
492 5081 574 5138 verbo
594 5098 739 5140 consensu
755 5089 913 5158 partium,
927 5086 960 5144 de
993 5092 1048 5143 tem
1068 5086 1101 5143 de
1123 5099 1260 5142 consensu
1286 5087 1417 5157 partium.
1439 5084 1620 5142 Nihilominus
1640 5090 1730 5141 tamen
1758 5084 1797 5140 lo·

153 5172 228 5229 offic.
242 5172 362 5246 delegat.
372 5172 499 5245 sequitur
514 5173 632 5230 Felinin
647 5189 709 5245 cap.
725 5177 804 5242 Tuis,
819 5176 852 5233 de
866 5176 956 5234 testib.
994 5176 1105 5252 quenda
1117 5175 1150 5233 de
1165 5190 1194 5232 re
1210 5174 1364 5232 sectmdum
1380 5190 1409 5232 se
1423 5181 1598 5247 spectatast
1611 5175 1718 5247 integro
1733 5191 1795 5246 per·
1824 5195 1828 5203 ·

156 5277 233 5319 num.
249 5267 275 5334 l,
291 5262 338 5320 ubi
352 5261 438 5320 relart
450 5261 575 5336 Baldum,
587 5269 616 5320 ει
629 5265 705 5338 ειιοε,
718 5265 765 5339 qui
779 5266 958 5339 posteriorem
995 5257 1107 5324 sistente
1123 5266 1183 5324 iure
1202 5265 1467 5340 utriusquepartis,
1483 5267 1523 5322 sic
1545 5265 1597 5322 dici
1610 5271 1701 5337 potest
1720 5267 1794 5323 iura-
