4278 6242
342 365 404 434 130
448 379 451 386 ·
1052 381 1153 430 arnna
1168 383 1201 430 v.

305 509 353 568 sed
367 509 491 567 delectus
507 510 611 568 lormao
626 511 744 582 sullicit3
760 525 811 568 nec
826 515 869 567 est
882 508 939 567 ulla
953 510 1033 578 ratio,
1049 522 1101 564 cur
1140 509 1222 580 taris,
1238 515 1287 566 aut
1300 509 1412 585 calicls3
1427 512 1490 584 quia
1505 512 1528 569 si
1548 529 1602 570 noa
1624 519 1770 588 serventur
1784 512 1887 571 lormae
1902 515 1936 571 ab

303 601 436 657 sententia
450 601 604 658 necessaria
618 601 667 672 sit,
692 601 742 657 nisi
757 601 783 657 ia
799 601 912 672 ipsamet
928 601 987 672 lege
1001 598 1102 654 torma·
1139 599 1263 655 Ecclesia
1282 597 1438 674 institutae',
1454 602 1544 659 nullae
1562 610 1658 668 erunt,
1675 591 1703 660 et
1716 603 1853 660 iterandae
1871 611 1938 660 sunt

303 690 365 748 liter
378 691 419 746 vel
432 690 532 748 uirtute
545 690 713 761 postuletur,
726 689 800 748 iusta
811 706 854 761 ea,
867 703 937 762 quae
949 690 974 744 in
987 705 1105 761 sequen·
1140 688 1243 759 absque
1264 689 1315 746 alia
1334 690 1536 763 declaratione,
1554 709 1604 749 nec
1624 701 1701 750 antea
1715 693 1806 751 licebit
1821 696 1860 752 uti
1875 694 1938 750 tali·

303 781 325 838 ti
339 781 513 854 quaestiunc.
529 779 666 836 dicentur.
680 783 715 836 lit
729 795 794 836 vero
810 779 918 853 quando
931 784 974 835 est
985 779 1102 835 irritatio
1139 776 1191 833 bus
1212 779 1295 836 rebus
1318 787 1349 836 ut
1368 781 1534 854 benedictis,
1549 789 1598 840 aut
1617 775 1800 841 conmcrstis,
1824 784 1937 841 besilio

305 870 441 943 poenalis,
465 870 550 928 rideri
562 875 656 946 potest
670 869 822 943 probabile,
838 866 1025 940 applicandam
1041 882 1104 924 csse
1140 882 1204 923 rero
1225 869 1335 926 actibus
1356 873 1441 944 magis
1464 873 1676 943 temporalibus,
1697 872 1739 931 rel
1753 875 1889 944 externis,
1905 882 1938 932 ut

304 959 431 1032 regulam
452 959 521 1032 legis
542 959 680 1032 poenalis,
702 958 816 1031 scilicet,
838 974 892 1014 aon
917 958 1022 1015 incurri
1041 967 1104 1015 ante
1138 965 1204 1014 sunt
1230 958 1426 1033 alienationes,
1448 960 1611 1032 electiones,
1634 963 1754 1036 iudicia,
1776 969 1829 1020 etc.
1854 963 1938 1022 videri

305 1052 466 1106 sententiam
486 1047 705 1120 declaratoriam,
720 1047 827 1106 etiamsi
841 1049 899 1121 ipso
913 1048 973 1104 iure
990 1047 1043 1103 lats
1057 1048 1102 1117 sit,
1139 1053 1230 1118 potest
1241 1063 1286 1105 res
1301 1051 1389 1124 magis
1402 1050 1500 1123 dubia,
1516 1051 1690 1108 nihilominus
1702 1053 1771 1110 idem
1791 1052 1938 1112 dicendum

306 1139 369 1196 licet
394 1137 600 1196 retrotrahenda
621 1139 655 1194 sit
675 1144 769 1210 postea
790 1138 926 1195 sententia
954 1151 1042 1211 usque
1070 1135 1103 1193 ad
1139 1150 1254 1208 censeo,
1280 1141 1344 1211 quia
1365 1140 1416 1196 hae
1438 1139 1511 1213 leges
1533 1157 1585 1197 non
1607 1140 1757 1198 mudantur
1775 1145 1803 1199 in
1827 1145 1938 1216 propria

308 1230 413 1288 initium
429 1235 518 1287 actus.
536 1229 716 1286 Nihilominus
737 1236 828 1286 tamen
850 1229 915 1302 quia
929 1227 997 1284 haec
1019 1242 1105 1299 poena
1139 1219 1377 1300 praesumptione,
1390 1236 1422 1286 ut
1434 1230 1504 1302 dixi,
1520 1236 1547 1286 et
1560 1231 1598 1287 ita
1611 1230 1717 1288 directe
1732 1232 1878 1291 intendunt
1892 1249 1939 1290 ee-

307 1335 362 1378 noa
383 1326 426 1377 ost
447 1327 638 1393 pura'poena,
664 1318 711 1376 sed
734 1305 851 1376 includit
869 1320 952 1375 etiam
965 1317 1105 1374 delectum
1139 1315 1264 1389 ritatem,
1286 1324 1334 1375 aut
1354 1318 1506 1377 nullitatem
1526 1326 1605 1378 actus
1625 1322 1651 1376 ia
1668 1338 1713 1392 se,
1729 1337 1783 1378 aon
1799 1323 1825 1378 in
1845 1321 1940 1379 ordine

309 1409 495 1480 substantialis
510 1408 695 1480 lormae,idso
707 1407 870 1480 regulariter
881 1405 1028 1481 loquendo,
1041 1423 1104 1479 pro·
1139 1403 1173 1461 ad
1188 1405 1274 1464 solam
1289 1406 1495 1482 probationem,
1511 1416 1560 1467 aut
1573 1411 1709 1467 sotionem
1722 1410 1749 1466 in
1763 1409 1883 1469 humano
1895 1414 1940 1468 iu·

307 1499 422 1557 habilius
441 1499 550 1556 videtur
570 1499 673 1555 incurri
694 1499 782 1555 statim
803 1513 836 1554 ex
857 1497 902 1554 illo
920 1497 1025 1569 capite,
1041 1497 1105 1553 licet
1139 1493 1220 1552 dicio.
1500 1563 1501 1568 γ

306 1590 376 1648 ratio
390 1603 492 1661 poenae
504 1604 558 1645 non
569 1588 720 1645 sufficeret.
734 1587 798 1644 ilico
810 1593 902 1644 autem
911 1585 1102 1661 regulariter,
1180 1593 1206 1644 5.
1222 1587 1251 1642 ln
1268 1585 1373 1660 legibus
1385 1593 1476 1658 autem
1491 1587 1616 1646 civilibus
1630 1589 1737 1648 lucilius
1753 1592 1777 1649 id
1791 1598 1880 1664 potest
1893 1607 1940 1650 ac·

307 1681 371 1754 quia
391 1695 426 1736 ex
439 1678 530 1735 uerbis
551 1667 617 1751 legis
632 1679 731 1750 poterit
744 1675 813 1734 torte
827 1675 964 1734 interdum
979 1678 1105 1748 exceptio
1142 1675 1249 1746 cidere,
1265 1677 1331 1749 quia
1350 1677 1376 1733 in
1397 1676 1443 1734 illo
1464 1678 1523 1736 iure
1538 1679 1684 1751 praecipue
1699 1680 1851 1738 intenditur
1864 1687 1939 1738 erte·

307 1771 383 1842 lieri,
396 1775 428 1826 ut
441 1770 468 1824 ia
483 1769 558 1826 dicto
574 1783 635 1840 oap.
646 1769 732 1824 Novit
745 1766 860 1823 verbum
875 1764 940 1823 illud
949 1780 1104 1840 praesum·
1143 1766 1200 1823 rior
1219 1781 1287 1838 par,
1306 1773 1334 1822 et
1353 1766 1529 1840 gubernatio,
1546 1785 1616 1843 quae
1632 1785 1680 1843 per
1693 1770 1801 1828 iudices
1820 1771 1941 1828 exhiberi

303 1861 401 1934 psoris
415 1857 616 1928 indicat,iuxta
630 1854 1105 1927 communemdoctrinam,poeosm
1141 1856 1221 1913 solet.
1247 1855 1429 1913 Nihilominus
1452 1864 1542 1915 tamen
1566 1859 1737 1933 frequentius
1759 1876 1854 1919 rerum
1877 1875 1939 1918 esse

308 1948 381 2005 illam
406 1963 460 2004 uon
485 1947 612 2017 incurri,
639 1946 661 2001 si
685 1943 809 2002 delectus
835 1946 1024 2002 committatur
1048 1945 1105 2001 sine
1139 1942 1284 2017 existimo,
1306 1953 1467 2004 contractus
1487 1957 1515 2004 et
1535 1955 1615 2006 aotrrs
1635 1951 1727 2006 irritos
1746 1953 1805 2008 iure
1821 1950 1890 2007 cirili
1905 1965 1939 2009 ex

307 2038 530 2112 praesumptione
553 2050 587 2093 er
608 2033 776 2108 ignorantia,
799 2034 840 2090 rel
859 2035 912 2092 alia
931 2033 1009 2091 simili
1022 2033 1106 2106 negli—
1140 2033 1249 2092 deieotu
1271 2035 1374 2092 lormae
1388 2038 1414 2092 ia
1430 2038 1601 2094 conscientia
1616 2039 1706 2096 irritos
1720 2055 1797 2111 esse,
1814 2047 1947 2112 praescr-¹

307 2128 415 2202 gentis,
433 2133 461 2184 et
476 2132 677 2198 consequenter
688 2123 802 2195 indicat,
819 2123 891 2181 illam
906 2122 1105 2182 solemnitatem
1140 2127 1188 2182 tim
1199 2123 1309 2199 quando
1320 2127 1456 2198 pertinent
1465 2127 1498 2184 ad
1509 2127 1648 2199 publicem
1658 2129 1937 2201 administrationem,

304 2225 363 2274 'non
379 2233 440 2276 esse
454 2215 674 2288 substantialem,
690 2215 738 2272 sed
751 2231 812 2274 esse
826 2221 932 2272 tantum
946 2216 1105 2289 requisitam
1139 2223 1171 2273 ut
1185 2222 1250 2273 sunt
1261 2217 1425 2291 sententiae,
1440 2216 1588 2275 electiones
1599 2261 1606 2290 ,
1617 2225 1645 2277 et
1658 2220 1775 2291 similes,
1786 2235 1885 2293 quaes
1900 2221 1939 2278 ls-

308 2307 362 2364 sub
386 2307 429 2364 illa
449 2321 552 2380 poena,
575 2311 602 2362 et
616 2305 678 2362 ideo
691 2303 830 2377 probabile
844 2311 902 2380 est,
918 2311 983 2363 tunc
999 2321 1051 2362 non
1066 2305 1106 2361 in·
1139 2307 1219 2380 gibus
1233 2307 1299 2379 ipsis
1313 2313 1341 2364 et
1354 2313 1488 2378 potestate
1502 2307 1613 2381 publica
1628 2308 1744 2368 multum
1760 2309 1894 2382 pendentq
1910 2318 1939 2369 et

306 2397 384 2455 curri
403 2403 465 2454 ante
479 2395 639 2453 sententiam
653 2393 871 2462 declaratoriam.
1140 2396 1200 2454 ideo
1221 2399 1243 2452 si
1265 2397 1307 2453 lex
1326 2398 1386 2469 ipse
1403 2398 1507 2454 resistit
1520 2396 1667 2471 irritando,
1684 2401 1776 2456 statim
1794 2408 1937 2474 operatur,

328 2547 332 2556 ,
348 2490 376 2544 l.
393 2484 451 2543 Alia
466 2486 590 2558 quaestio
603 2499 664 2540 esse
677 2490 779 2556 potest,
795 2499 829 2540 aa
845 2484 896 2540 hae
910 2482 983 2558 leges
998 2484 1106 2542 irritan·
1140 2486 1205 2560 quia
1219 2501 1274 2543 non
1291 2484 1424 2544 landetur
1438 2488 1465 2543 ia
1479 2486 1547 2544 laisa
1561 2489 1798 2561 praesumptions,
1811 2490 1858 2547 sed
1872 2493 1937 2564 quia

309 2585 351 2635 tes
365 2592 398 2634 ex
414 2575 522 2633 delectu
536 2575 650 2647 formae,
663 2576 773 2632 irritent
787 2575 897 2632 omniuo
912 2576 1104 2641 actum,etiam
1138 2578 1176 2633 ita
1187 2577 1294 2648 expedit
1305 2579 1445 2634 communi
1456 2577 1538 2635 bono.
1549 2579 1577 2634 ln
1588 2578 1647 2635 aliis
1659 2594 1725 2636 vero
1738 2578 1855 2653 legibus,
1867 2595 1938 2653 quae

301 2666 398 2740 quoad
425 2665 616 2738 obligationem
642 2666 795 2722 naturalem
814 2666 841 2721 ia
862 2666 1047 2737 conscientia,
1064 2663 1105 2722 vel
1139 2669 1226 2740 magis
1247 2667 1398 2725 consulunt
1416 2661 1567 2726 commodis
1585 2668 1772 2742 singulorum,
1788 2678 1816 2728 et
1830 2677 1938 2742 ponunt

309 2763 415 2814 tantum
442 2757 468 2811 in
493 2755 552 2811 loro
577 2755 715 2812 exteriori.
735 2755 789 2812 Sed
811 2752 846 2811 de
870 2753 921 2811 hac
947 2754 1106 2827 quaestione
1139 2757 1256 2815 lormem
1271 2757 1479 2830 contractibus,
1496 2759 1677 2829 testamentis,
1693 2759 1939 2830 etsimilibus,ali·
1983 2765 1993 2782 ¹

309 2847 397 2904 multa
418 2851 483 2902 sunt
504 2850 577 2901 tacta
597 2845 623 2900 in
638 2843 840 2916 superioribus,
855 2847 924 2902 et'in
938 2850 1058 2902 tractatu
1072 2845 1105 2902 de
1141 2845 1252 2920 quando
1265 2846 1354 2905 solent
1365 2847 1440 2922 leges
1454 2863 1507 2904 non
1521 2849 1629 2906 irritare
1644 2849 1837 2922 obligationem
1855 2854 1938 2908 iater-

307 2938 408 2994 iuram.
427 2935 474 2996 llh.
491 2939 519 2994 2.
536 2935 571 2992 Et
589 2935 634 2992 vin
656 2939 746 3006 potest
764 2935 791 2990 ia
812 2948 845 2992 ea
861 2935 996 3008 generalis
1010 2924 1106 3008 regula
1139 2951 1221 3010 nam,
1238 2953 1289 2994 aee
1310 2936 1439 3010 impedire
1460 2939 1612 2996 naturalem
1634 2939 1754 2997 valorem
1775 2947 1873 3010 actus,
1890 2939 1939 2998 sed

308 3029 408 3098 statui,
426 3027 491 3099 quia
512 3033 628 3096 possunt
648 3025 721 3098 loges
742 3031 861 3099 utroquo
876 3026 958 3083 modo
978 3025 1061 3101 terri,
1077 3033 1106 3083 et
1143 3034 1250 3085 tantum
1267 3027 1309 3086 rel
1324 3043 1424 3104 negare
1438 3029 1575 3086 actionem
1590 3029 1615 3086 in
1635 3030 1752 3101 iudicio,
1767 3030 1810 3088 rel
1829 3031 1938 3089 irritare

299 3110 370 3174 'ideo
392 3116 473 3173 rerba
493 3112 606 3186 earum,
628 3121 656 3172 et
675 3117 799 3188 materia,
823 3131 856 3172 ac
877 3116 1105 3175 circumstantiae
1141 3118 1355 3176 instrrrmentum
1377 3119 1417 3176 sic
1436 3113 1559 3192 iactum,¹
1573 3118 1615 3176 rel
1636 3121 1820 3193 scripturam,
1836 3129 1939 3178 utnon

298 3203 508 3264 consideranda
521 3211 596 3275 sunt,
607 3204 640 3261 ad
651 3203 864 3262 discernendum
874 3206 1034 3263 irritationis
1046 3223 1105 3266 mo·
1138 3207 1222 3266 iaciat
1234 3208 1314 3267 tidem
1332 3210 1359 3266 in
1381 3209 1497 3266 iudicio:
1513 3207 1658 3282 aliquando
1672 3225 1739 3268 aero
1753 3211 1862 3268 omnino
1875 3210 1937 3269 irri-

308 3296 385 3367 dum,
402 3303 434 3352 ut
449 3296 518 3351 sumi
536 3300 627 3368 potest
640 3311 672 3351 ex
687 3295 854 3352 covarruria
868 3296 895 3351 in
909 3310 970 3368 cap.
992 3300 1106 3374 Quaere
1139 3302 1198 3356 taut
1208 3306 1301 3357 actum
1311 3343 1319 3371 ,
1331 3301 1412 3356 etiam
1423 3297 1515 3372 quoad
1530 3299 1648 3356 valorem
1662 3299 1825 3358 naturalem.
1837 3300 1868 3356 ln
1880 3316 1937 3374 quo

306 3391 359 3456 ets,
378 3391 406 3445 2.
423 3403 452 3459 p.
468 3383 480 3452 l
494 3389 523 3458 l,
538 3392 566 3442 et
579 3384 678 3442 lllolina
693 3391 802 3443 tractat.
816 3390 845 3444 2.
862 3384 895 3443 de
909 3387 996 3443 iustit.
1012 3386 1106 3460 dispu·
1140 3389 1222 3446 rerba
1236 3387 1303 3462 legis
1317 3391 1441 3463 rigorose
1461 3389 1599 3461 pensanda
1614 3397 1694 3463 sunt,
1709 3395 1738 3446 et
1750 3389 1851 3446 stricte
1865 3405 1938 3447 sem·

296 3479 404 3535 'tatiom
426 3480 473 3550 or,
486 3483 516 3533 et
530 3479 576 3535 88.
592 3474 669 3544 Quod
685 3477 802 3533 maxime
815 3475 910 3533 locum
923 3474 1024 3535 hahere
1038 3493 1105 3536 oea·¹
1140 3494 1188 3551 per
1199 3484 1264 3536 sunt
1275 3477 1561 3553 interpretanda,quia
1572 3480 1685 3536 materia
1696 3485 1738 3537 est
1748 3477 1851 3559 odiosa.
1861 3481 1940 3538 Sem-

298 3575 355 3625 ¹'seo
369 3569 395 3623 in
411 3567 517 3640 legibus
532 3566 676 3638 civilibus,
694 3581 755 3624 nara
770 3565 844 3638 leges
858 3566 962 3624 divinae
976 3564 1105 3639 positivae
1139 3585 1189 3648 per
1202 3575 1400 3626 tumescerem
1410 3569 1553 3642 existimo,
1565 3584 1626 3626 esse
1636 3570 1741 3627 licitum
1754 3569 1779 3626 in
1791 3571 1936 3629 conscien-

309 3659 482 3715 iastituentes
493 3656 686 3714 substantiales
696 3654 801 3714 formas
812 3657 1102 3733 aliquorumsotuum,
1140 3661 1194 3733 tia,
1210 3661 1251 3716 uti
1267 3657 1307 3714 his
1324 3658 1429 3731 legibus
1443 3658 1477 3715 ad
1492 3659 1634 3717 irritandos
1649 3667 1741 3730 actus,
1757 3666 1872 3733 etcum,
1888 3662 1936 3733 qui

309 3749 416 3805 clarum
432 3754 476 3804 est
490 3753 692 3819 consequenter
707 3747 815 3804 irritare
830 3749 978 3818 statim,ac
994 3749 1051 3822 ipso
1066 3749 1105 3806 la·
1140 3749 1173 3806 ab
1185 3749 1277 3822 aliqua
1287 3747 1466 3820 obligatione,
1479 3747 1521 3804 rel
1529 3749 1709 3822 promissione
1720 3756 1880 3820 excusatur,
1894 3748 1936 3805 vel

309 3844 366 3910 oto,
381 3841 415 3894 et'
426 3837 451 3892 ia
466 3837 635 3893 conscientia
650 3843 742 3894 actum
754 3879 762 3909 ,
776 3839 822 3894 oui
836 3837 927 3896 deficit
942 3839 1002 3895 talis
1017 3840 1105 3898 lorma
1138 3854 1196 3897 rem
1212 3837 1333 3910 aliquam
1348 3852 1396 3910 per
1411 3838 1569 3895 sententiam
1580 3841 1680 3896 iustam
1692 3838 1847 3896 secundum
1861 3839 1938 3896 illam

306 3929 430 4000 integra,
450 3932 482 3982 ut
499 3931 574 3996 patet
585 3940 620 3983 ex
635 3926 745 3983 materia
760 3926 793 3983 de
808 3928 1005 4001 sacramentis,
1020 3936 1049 3987 et
1062 3946 1106 3988 sa·
1141 3928 1227 4005 legem
1242 3929 1322 3986 latam
1335 3929 1457 4000 ,obtinet
1470 3934 1529 3985 tuta
1546 3930 1711 3986 conscientia
1726 3945 1784 3986 rem
1798 3930 1934 4003 obtinere,

307 4017 422 4074 orificio.
439 4014 540 4073 Deinde
563 4015 634 4071 idem
659 4015 745 4072 sentio
766 4015 799 4072 ds
823 4014 927 4089 legibus
951 4021 1103 4094 canonicis,
1138 4029 1167 4078 et
1181 4020 1344 4078 asolutlone
1356 4018 1529 4092 obligationis
1539 4019 1683 4093 excusari,
1699 4018 1830 4092 quamdiu
1843 4019 1884 4076 lea
1895 4019 1934 4075 ci-

307 4114 444 4182 quatenus
468 4105 616 4162 instituunt
636 4104 738 4163 lormas
760 4103 880 4178 similes,
898 4109 1014 4166 maxime
1028 4111 1050 4167 si
1065 4117 1105 4168 at·
1139 4111 1197 4166 vilis
1220 4125 1268 4183 per
1288 4108 1449 4166 canonicam
1470 4123 1525 4164 non
1545 4113 1588 4164 est
1601 4105 1747 4183 der‘ogata,
1764 4114 1792 4165 et
1805 4115 1936 4182 tanquam

308 4197 411 4269 tingant
434 4201 671 4252 sacramentorum
695 4197 823 4253 materias
847 4199 938 4271 aliquo
953 4198 1046 4271 modo,
1061 4200 1103 4257 nel
1139 4200 1211 4257 iusta
1230 4201 1256 4256 in
1277 4215 1328 4256 suo
1350 4200 1410 4256 loro
1432 4203 1569 4260 servatur.
1591 4196 1660 4266 Quia
1683 4198 1878 4257 licetlortasse
1893 4199 1937 4256 lex

306 4288 386 4346 etiam
409 4284 665 4352 sacramentalium,
685 4287 860 4358 proportione
878 4296 996 4346 servata.
1011 4291 1051 4346 lta
1065 4289 1104 4347 ri·
1138 4279 1187 4362 per
1198 4288 1320 4347 sesolam
1333 4305 1386 4345 aon
1402 4289 1479 4345 tollat
1492 4289 1604 4346 omnino
1618 4288 1811 4362 obligationem
1825 4297 1938 4347 natura·

305 4376 371 4433 dere
396 4374 459 4431 licet
482 4375 509 4430 in
535 4374 705 4432 solemnitate
726 4376 898 4435 substantiali
921 4367 1051 4453 requisita
1070 4379 1103 4437 ad
1138 4377 1268 4452 lem,dat
1280 4384 1443 4450 potestatem
1456 4377 1551 4450 iudici,
1563 4383 1594 4435 ut
1604 4381 1715 4436 omnino
1726 4380 1814 4437 irritet
1828 4387 1932 4454 actum,

306 4470 481 4522 contractum
502 4464 668 4520 matrimonii
689 4480 722 4521 ex
742 4465 914 4525 institutione
929 4469 1039 4526 concilii
1054 4448 1103 4526 tri·
1139 4474 1166 4525 st
1186 4473 1390 4541 consequenter
1410 4461 1490 4525 tollat
1510 4467 1600 4540 illam,
1622 4467 1665 4526 vel
1685 4474 1772 4525 mutet
1791 4469 1831 4525 rei
1849 4469 1936 4527 domi·

305 4553 421 4612 dentiai.
434 4555 562 4627 idemque
577 4563 657 4625 saepe
671 4553 822 4628 disponunt
837 4558 897 4615 iura
911 4560 938 4615 in
954 4557 1102 4617 ordinatio-
1137 4561 1232 4632 nium3
1246 4574 1309 4615 nam
1323 4556 1375 4614 hoo
1389 4573 1445 4614 noa
1458 4556 1743 4630 excedit-potestatem
1755 4558 1821 4632 legis
1835 4558 1930 4628 civilis,

307 4645 404 4717 uibus,
429 4661 497 4719 quas
521 4645 642 4717 irritant,
669 4647 690 4700 si
705 4643 807 4719 absque
822 4648 884 4720 tali,
904 4648 946 4705 rel
963 4649 1008 4705 tali
1022 4649 1102 4707 modo
1137 4657 1165 4706 et
1181 4648 1321 4721 supposita
1342 4649 1387 4704 tali
1407 4645 1482 4721 lege,
1503 4650 1691 4706 necessarium
1710 4656 1767 4721 est,
1784 4656 1815 4707 ut
1832 4651 1936 4708 serrari

306 4737 386 4806 itant,
407 4749 468 4806 cap.
484 4731 693 4801 Alienottoncs,
718 4740 761 4808 12,
778 4750 806 4809 q.
822 4742 850 4796 2.
871 4752 937 4794 cum
957 4739 1102 4797 similibus.
1138 4740 1224 4813 possit
1238 4740 1296 4794 sine
1312 4737 1457 4794 occasione
1473 4738 1608 4811 iustitiae,
1625 4747 1652 4795 et
1666 4741 1784 4810 peccati.
1809 4741 1845 4796 Ut
1861 4755 1889 4796 r.
1905 4755 1935 4813 g.

288 4823 359 4882 ·Sed
383 4826 417 4881 ibi
438 4824 553 4881 irritatio
572 4824 808 4883 accommodanda
822 4834 864 4884 est
877 4830 1023 4902 materiae,
1040 4846 1104 4887 nam
1138 4830 1165 4884 in
1181 4828 1238 4900 lege
1255 4830 1390 4883 statuente
1409 4825 1610 4884 solemnitatem
1624 4830 1796 4900 testamenti,
1811 4827 1875 4885 licet
1889 4827 1937 4886 de·

304 4921 347 4972 est
368 4921 474 4972 tentum
494 4912 630 4987 quaedam
651 4915 805 4989 suspensio,
821 4915 938 4990 ideoque
953 4920 975 4974 si
989 4921 1048 4991 ipso
1062 4919 1103 4977 lo·
1139 4934 1201 4976 mus
1217 4932 1266 4990 per
1280 4931 1309 4972 ao
1329 4915 1415 4972 solam
1430 4916 1534 4972 irritare
1549 4923 1760 4989 testamentum,
1776 4924 1935 4974 nontamen

305 5015 351 5064 cto
373 5005 543 5076 imponitur,
565 5005 656 5060 statim
679 5005 735 5060 sino
748 5005 808 5061 ‘alia
831 5010 964 5064 sententia
986 5009 1104 5066 incurri·
1138 5007 1309 5064 voluntatem
1329 5004 1466 5079 deiunctiq
1481 5010 1509 5062 et
1527 5005 1589 5062 ideo
1604 5023 1684 5078 posse
1699 5007 1843 5064 haeredem
1858 5008 1936 5064 insti·

304 5107 350 5153 tur
375 5103 504 5168 tapquam
524 5108 654 5150 censura.
670 5093 742 5150 idem
757 5095 839 5151 etiam
854 5097 995 5152 observari
1011 5104 1102 5170 potest
1138 5103 1230 5154 tutum
1245 5097 1271 5152 la
1286 5101 1448 5152 testamento
1462 5095 1552 5151 minus
1566 5085 1680 5152 solemni
1694 5103 1752 5153 tuta
1767 5097 1936 5153 conscientia

303 5185 331 5242 ln
346 5181 615 5253 consecrationibus,
630 5187 678 5238 aut
688 5181 919 5240 benedictionibus
931 5186 964 5241 ab
975 5185 1103 5243 Ecclesia
1137 5187 1255 5243 retinere
1270 5183 1480 5257 haereditatem,
1493 5184 1623 5257 quamdiu
1639 5185 1729 5242 abillo
1743 5187 1935 5259 noasrlgitur,

303 5274 453 5346 institutis,
471 5279 501 5331 ut
513 5274 540 5329 in
555 5274 643 5344 prima
661 5277 791 5347 tonsura,
805 5271 830 5328 ia
846 5275 1051 5332 consecratione
1064 5276 1103 5332 al·
1138 5278 1201 5351 quia
1217 5275 1355 5346 moraliter
1371 5283 1465 5333 certus
1478 5281 1521 5332 est
1539 5273 1573 5331 de
1588 5275 1726 5334 voluntate
1740 5274 1874 5333 defuncti:
1892 5277 1932 5332 ni·
