4278 6242
358 375 421 440 152
1055 393 1155 443 amsa
1170 393 1218 442 vx.

318 533 400 590 saepe
415 519 599 576 committitur
617 521 643 575 iu
659 518 705 576 ilio
721 520 804 577 verbo
824 517 929 578 cadem
942 521 1040 584 ratio:
1055 533 1118 574 uam
1154 524 1199 574 cet
1219 519 1305 590 possit
1325 518 1426 576 habere
1447 522 1633 593 apparentiam
1654 521 1774 595 aliquam
1795 521 1954 594 inproprie

319 609 341 663 si
364 609 487 680 rigorose
509 615 667 666 sumeretur
689 626 738 681 pro
757 626 820 666 sera
835 609 975 666 identitate
990 609 1117 676 rationis,
1154 607 1296 664 identitate
1311 611 1443 682 rationis,
1460 610 1492 667 de
1507 627 1563 684 qua
1578 613 1671 668 statim
1682 653 1689 682 ,
1702 628 1756 668 non
1770 619 1860 669 tameo
1870 615 1898 668 in
1910 629 1956 670 ra·

316 702 401 769 prout
413 714 429 753 a
440 697 615 754 similitudine
627 697 817 772 distinguitur,
830 715 883 754 non
896 697 1060 770 procederet
1071 711 1115 752 ra·
1154 698 1233 753 tionis
1250 700 1379 768 paritate,
1396 705 1445 755 aut
1460 699 1650 770 similitudine,
1666 701 1729 773 quia
1744 700 1777 757 do
1790 700 1835 757 illa
1851 700 1954 758 salsum

319 786 355 842 tio
377 794 475 842 contra
496 802 562 859 nos,
577 791 625 860 qui
642 788 710 845 baec
725 788 780 845 duo
796 787 987 857 distinximus,
1002 795 1031 844 et
1044 803 1118 844 nuuc
1153 794 1196 842 est
1209 793 1398 860 assumptum3
1414 804 1477 844 nam
1489 792 1558 845 ratio
1571 805 1620 860 per
1634 805 1663 844 se
1678 807 1733 846 non
1744 796 1787 846 est
1798 791 1953 863 sullioiens,

317 875 350 933 de
369 876 426 932 sola
441 876 617 933 similitudine
633 884 800 935 tractamus:
815 877 956 952 sylvester
971 883 1063 933 autem
1080 876 1119 933 la·
1153 873 1254 932 nedum
1274 877 1459 950 adaequatum
1480 881 1589 951 signum
1611 879 1778 950 voluntatis,
1801 882 1908 936 etiamsi
1928 883 1955 936 in

317 966 372 1023 tius
387 963 509 1036 loquitur
523 965 674 1022 donatione
689 967 798 1040 eadem,
811 976 894 1040 prout
905 973 983 1022 autea
998 966 1115 1023 dixerat:
1154 965 1214 1038 lege
1228 967 1415 1037 exprimatur:
1431 971 1497 1040 quia
1514 975 1558 1023 est
1572 975 1682 1026 tantum
1698 971 1808 1042 signum
1827 970 1955 1026 bonesta·

318 1058 353 1113 Si
367 1058 448 1111 ratio
459 1058 499 1111 sit
509 1071 573 1130 par
583 1056 766 1130 simpliciter,
782 1057 960 1124 masadam,
976 1061 1030 1114 aut
1040 1062 1119 1112 certe
1153 1055 1206 1124 tis,
1222 1054 1265 1112 rel
1280 1055 1413 1129 utilitatis,
1428 1073 1511 1130 quam
1527 1057 1669 1132 legislator
1683 1061 1709 1114 in
1722 1059 1768 1114 tali
1781 1061 1896 1116 materia
1911 1075 1957 1116 re-

316 1147 425 1200 maior.
449 1145 494 1200 Sic
515 1161 582 1218 ergo
603 1145 741 1218 loquendo
762 1144 796 1202 de
816 1149 921 1204 ratione
940 1146 1051 1218 eadem,
1068 1161 1117 1216 pro
1154 1145 1252 1217 spicit,
1273 1151 1303 1200 ut
1316 1147 1344 1201 in
1359 1146 1405 1203 illa
1419 1162 1468 1219 per
1482 1146 1569 1220 legem
1585 1163 1618 1204 ac
1630 1148 1799 1205 voluntatem
1816 1165 1894 1206 suam
1909 1164 1958 1206 ne·

318 1234 413 1304 simili,
432 1236 507 1307 pari,
522 1233 563 1290 vel
585 1237 700 1306 maiori,
723 1235 791 1300 salsa
810 1243 854 1292 est
868 1239 971 1306 maior,
986 1244 1014 1294 et
1027 1237 1118 1308 inepta
1154 1234 1312 1290 cessitatem
1327 1234 1494 1293 inducatlit
1505 1238 1565 1295 ideo
1577 1239 1765 1295 necessarium
1776 1255 1830 1294 non
1841 1244 1956 1310 est,nco

317 1325 502 1396 comparatio,
517 1340 589 1398 qliae
603 1326 633 1380 m
647 1341 750 1382 causae
762 1326 904 1403 physicae,
917 1342 989 1400 quae
1004 1335 1118 1384 natura·
1153 1324 1292 1381 moraliter
1311 1341 1419 1395 aarum,
1432 1333 1482 1383 aut
1492 1327 1675 1400 ordinarium,
1688 1328 1762 1401 quod
1774 1328 1903 1384 voluntas
1914 1328 1958 1384 le·

317 1415 379 1472 liter
394 1416 466 1487 agit,
482 1413 515 1470 ad
531 1415 679 1486 rationem,
694 1431 766 1489 qliae
781 1416 919 1472 moraliter
934 1416 1040 1472 inducit
1051 1415 1127 1472 libe··
1152 1414 1288 1486 gislatoris
1307 1414 1475 1472 extendatur
1485 1415 1518 1472 ad
1534 1419 1645 1486 omnia,
1659 1417 1797 1489 inquibus
1809 1423 1901 1488 potest
1913 1420 1956 1474 in·

249 1513 251 1522 ’
317 1519 377 1562 ram
392 1495 562 1561 voluntatem
577 1504 753 1578 legislatoris:
767 1505 841 1578 quod
855 1505 969 1578 ipsemet
983 1507 1060 1582 Sylv.
1078 1507 1116 1561 ri·
1153 1503 1236 1558 veniri
1252 1503 1345 1559 similis
1361 1507 1440 1561 ratio.
1456 1505 1540 1577 Qixia,
1558 1513 1589 1562 ut
1602 1505 1746 1576 dicebam,
1760 1495 1891 1564 voluntas
1904 1521 1956 1579 pro

317 1595 369 1666 dit,
386 1611 451 1652 curn
466 1594 584 1651 addidit:
598 1597 724 1653 nisilioc
736 1595 821 1652 situle
835 1595 985 1654 uoluntate
999 1595 1117 1669 legisla·
1153 1609 1204 1648 sua
1218 1591 1342 1649 libertate
1354 1599 1444 1666 potest
1458 1597 1534 1662 cirea
1546 1611 1629 1651 unam
1640 1596 1780 1652 materiam
1798 1595 1955 1666 disponere,

318 1687 409 1750 toris,·
425 1685 448 1739 si
469 1700 534 1756 ergo
558 1685 721 1757 legislatoris
741 1685 870 1743 voluntas
892 1691 981 1758 potest
995 1686 1116 1756 efficere,
1153 1688 1182 1738 et
1195 1699 1248 1738 noo
1263 1683 1339 1739 circa
1353 1683 1448 1754 oliam,
1465 1685 1565 1756 licetin
1580 1693 1699 1757 utreque
1711 1685 1865 1742 inveniatur
1883 1685 1958 1741 simi·

317 1779 350 1830 ut
370 1773 413 1830 lex
433 1789 488 1830 nou
510 1780 617 1830 tantum
631 1774 807 1846 extendatur,
823 1783 959 1852 quantum
973 1791 1022 1847 por
1037 1775 1116 1846 ratio,
1153 1771 1186 1828 lis
1208 1776 1279 1830 ratio
1293 1815 1299 1844 ,
1314 1775 1377 1846 quio
1391 1773 1507 1831 sortasse
1522 1790 1577 1831 non
1595 1775 1704 1846 expedit
1716 1777 1742 1830 in
1758 1776 1885 1834 omnibus
1901 1776 1957 1832 dis-

199 1885 212 1894 -
316 1880 372 1921 non
386 1871 430 1920 est
446 1864 558 1920 iuridice
570 1864 750 1936 impossibile,
762 1863 958 1921 esseeamdem
970 1866 1116 1934 rationem,
1152 1876 1270 1933 ponere,
1293 1869 1321 1919 et
1341 1879 1391 1934 pro
1413 1879 1464 1920 suo
1484 1864 1597 1921 arbitrio
1618 1865 1758 1938 le'gislator
1777 1865 1853 1938 eligit
1866 1881 1954 1922 unam

318 1960 346 2011 et
367 1970 422 2011 non
444 1969 506 2010 esso
526 1952 600 2011 idem
615 1955 668 2010 ius.
686 1954 850 2029 Falsumque
864 1945 1027 2027 estdicere,
1043 1953 1118 2027 quod
1154 1952 1296 2008 materiam
1316 1955 1422 2025 potius,
1443 1968 1525 2025 quam
1550 1949 1641 2011 aliam.
1663 1955 1826 2026 Exemplum
1851 1955 1956 2013 morale

317 2043 378 2102 talis
400 2045 469 2100 ratio
491 2045 527 2102 sit
546 2043 695 2102 formaliter
717 2045 760 2102 ius
778 2050 807 2102 et
821 2045 879 2118 lex,
896 2061 959 2102 nam
974 2044 1035 2102 talis
1048 2046 1117 2102 ratio
1152 2047 1213 2112 est,
1235 2044 1299 2113 onia
1320 2043 1346 2098 in
1368 2043 1427 2117 lego
1447 2050 1556 2101 taxante
1571 2043 1697 2115 'pretium
1719 2046 1796 2116 panis
1816 2053 1865 2102 aut
1885 2047 1956 2118 vini,

316 2149 366 2206 per
381 2150 409 2191 se
428 2150 482 2192 nou
499 2134 618 2204 sufficit,
635 2136 679 2191 ius
690 2177 697 2203 ,
709 2141 757 2191 aut
771 2133 858 2208 legem
874 2135 1043 2191 constituere
1059 2135 1116 2190 sine
1151 2131 1248 2188 eadem
1268 2132 1410 2204 proiecto,
1425 2132 1468 2189 vel
1484 2133 1574 2204 potius
1593 2134 1685 2190 similis
1699 2135 1768 2218 ratio
1785 2135 1955 2191 considerari

316 2225 460 2280 voluntate
480 2223 661 2296 legislatoris,
683 2223 749 2280 alias
769 2240 823 2280 noo
843 2224 1117 2296 posseotegtstatorts
1152 2227 1258 2294 potest,
1283 2227 1311 2278 et
1331 2222 1508 2280 nibilominus
1529 2224 1571 2280 lex
1592 2225 1707 2296 positiva
1721 2225 1862 2281 interdum
1880 2231 1956 2282 taxat

317 2312 446 2370 noluntas
459 2313 561 2384 iacere,
576 2329 608 2370 ne
623 2312 665 2368 lex
677 2319 784 2369 tantum
795 2313 971 2385 extendatur,
983 2321 1117 2388 quantum
1153 2313 1272 2384 pretium
1288 2315 1384 2384 panis,
1400 2318 1428 2369 et
1441 2329 1494 2368 non
1508 2313 1576 2384 viui,
1590 2315 1633 2370 vel
1649 2314 1718 2385 olei,
1734 2321 1763 2370 et
1777 2317 1818 2372 sio
1835 2313 1868 2371 de
1884 2314 1953 2372 aliis.

229 2413 237 2421 ·
318 2401 362 2458 illo
384 2405 469 2473 ratio,
490 2403 555 2474 quia
581 2417 634 2458 non
656 2409 747 2473 potest
768 2401 863 2459 tollere
883 2403 916 2459 ab
936 2404 981 2460 illa
999 2401 1117 2476 ratione,
1152 2404 1220 2458 ltem
1235 2402 1383 2474 aliquando
1397 2401 1441 2458 lex
1455 2403 1589 2458 canonica
1606 2403 1725 2476 disponit
1739 2403 1841 2476 aliquid
1856 2405 1881 2460 in
1899 2422 1956 2462 una

319 2491 393 2564 quod
415 2491 453 2546 illi
474 2495 516 2546 est
536 2492 714 2548 intrinsecum
734 2500 761 2548 et
774 2481 899 2548 formate.
915 2494 982 2560 Nam
998 2493 1033 2550 ob
1048 2493 1118 2552 bane
1152 2491 1283 2564 religione
1297 2491 1469 2550 mendicante
1481 2533 1488 2564 ,
1500 2492 1574 2565 qiiod
1587 2498 1682 2564 posset
1695 2493 1892 2550 similiratione
1905 2511 1955 2567 ge-

318 2597 431 2637 causam
449 2596 501 2636 non
517 2586 608 2652 potest
627 2580 753 2637 voluntas
768 2581 934 2654 legislatoris
950 2583 1062 2640 bomani
1078 2583 1119 2639 ia·
1153 2583 1283 2639 ocraliter
1302 2581 1465 2654 disponere,
1487 2588 1515 2638 et
1534 2591 1625 2639 tamen
1647 2585 1669 2639 si
1685 2584 1729 2640 lex
1743 2583 1897 2654 specialiter
1913 2584 1954 2639 lo-

318 2686 397 2742 cere,
422 2675 452 2726 ut
473 2669 516 2725 illa
537 2671 607 2726 ratio
628 2671 779 2743 naturalis:
799 2687 870 2745 quae
891 2688 940 2742 per
960 2689 990 2729 se
1010 2672 1119 2730 inducit
1152 2679 1256 2744 quatur
1276 2670 1311 2728 de
1331 2671 1569 2729 Praedicatoribus
1591 2673 1632 2729 vel
1653 2673 1817 2743 itineribus,
1835 2690 1890 2730 non
1907 2689 1956 2731 ex·

318 2761 512 2832 obligationem
527 2760 660 2816 naturalis
671 2760 750 2834 legis,
764 2769 791 2817 et
804 2769 848 2818 est
858 2761 937 2834 quast
951 2763 1064 2819 formale
1076 2764 1117 2820 ius
1151 2761 1275 2820 tenditur
1295 2759 1328 2818 ad
1349 2761 1434 2830 alios,
1452 2767 1483 2818 ut
1502 2766 1578 2833 patet
1591 2777 1624 2819 ex
1638 2779 1699 2834 cap.
1722 2765 1951 2831 Constitutione,

319 2849 459 2920 naturale,
474 2865 531 2906 non
547 2849 875 2922 extendatur,quantum
890 2858 988 2909 nature
1002 2869 1053 2908 sua
1069 2869 1117 2924 po·
1153 2866 1219 2908 oum
1240 2867 1301 2923 cap.
1324 2855 1390 2908 Nou
1404 2849 1516 2913 solium,
1534 2849 1566 2907 de
1581 2851 1701 2924 regular.
1718 2852 1744 2908 in
1761 2857 1786 2910 6.
1802 2854 1870 2909 Nam
1889 2868 1956 2924 pro-

319 2947 383 2998 test.
394 2941 481 2995 ὃεεεε
499 2955 565 2996 vero
577 2946 620 2996 est
630 2939 662 2995 de
675 2940 777 2996 ratione
788 2943 979 3013 congruitatis,
992 2958 1041 2999 seu
1053 2957 1119 2998 oon·
1154 2939 1309 2997 bibitionem
1327 2939 1430 2998 iactam
1449 2940 1598 2998 Minoribus
1612 2951 1641 2999 et
1654 2942 1895 3000 Praedicatoribus
1912 2958 1956 2998 re·

319 3030 487 3102 senientiae,
500 3044 571 3102 quae
586 3029 611 3084 in
624 3029 680 3101 lege
692 3030 812 3086 humana
823 3031 977 3103 reperitur,
990 3030 1035 3086 illa
1045 3033 1118 3087 enim
1153 3031 1271 3103 cipiendi
1289 3033 1406 3088 novitios
1427 3038 1489 3090 aute
1511 3049 1612 3089 annum
1632 3034 1800 3108 probationis
1815 3031 1953 3104 elapsum,

319 3121 390 3177 ratio
412 3135 460 3191 per
483 3134 511 3174 so
532 3135 588 3174 non
608 3125 652 3175 est
664 3118 813 3175 formaliter
827 3119 886 3188 ius,
901 3126 950 3192 apt
967 3123 1052 3191 ratio,
1069 3119 1118 3178 sed
1153 3120 1250 3178 eodem
1271 3123 1391 3180 extendit
1410 3124 1565 3181 Bonitacius
1578 3124 1646 3180 Vlll.
1664 3121 1698 3178 ad
1718 3122 1835 3179 aliorum
1853 3121 1957 3178 blendi-

320 3212 411 3284 potius
427 3216 471 3266 est
481 3208 619 3280 voluntas,
633 3208 675 3266 rel
687 3210 782 3265 saltem
795 3225 848 3265 non
860 3209 964 3265 sufficit
974 3211 1044 3266 ratio
1060 3213 1118 3266 sine
1153 3212 1278 3268 cantium
1298 3211 1423 3285 ordines,
1439 3220 1467 3271 et
1488 3212 1575 3269 addit:
1598 3217 1660 3269 Nos
1673 3214 1743 3286 pari
1759 3209 1957 3268 similitudine

319 3299 674 3358 voluntataUndelibenter
685 3299 851 3355 admittimus
866 3299 930 3356 illud
938 3300 1116 3374 principium,
1152 3299 1493 3373 rationistnducti,plane
1506 3299 1813 3374 ostendens,anteauon
1827 3299 1959 3358 babuisse

319 3389 394 3464 quod
414 3389 533 3466 sylvest.
556 3388 657 3462 sumit,
673 3388 737 3461 quia
758 3405 812 3445 uon
833 3395 961 3446 tenemur
975 3393 1054 3464 sequi
1069 3407 1118 3447 vo·
1153 3390 1250 3470 locum
1266 3392 1450 3449 extensionem
1465 3391 1552 3464 illam,
1565 3407 1621 3449 nou
1636 3390 1760 3448 obstante
1776 3390 1957 3449 similitudine

319 3478 454 3536 luntatem
474 3477 655 3554 legislatoris,
671 3478 721 3533 nisi
741 3479 927 3550 exprimatur:
945 3480 1009 3537 nibil
1024 3487 1118 3538 autem
1153 3481 1277 3540 rationis..
1564 3533 1572 3546 ,

320 3569 397 3626 illum
419 3572 512 3641 iurat,
528 3570 592 3641 quia
612 3566 679 3624 licet
698 3567 837 3640 legislator
851 3586 905 3626 non
919 3570 1073 3641 exprimat,
1089 3586 1118 3626 se
1191 3573 1280 3643 Atque
1300 3572 1337 3626 ita
1358 3587 1390 3627 ox
1406 3569 1452 3627 illo
1467 3575 1545 3627 textu
1559 3569 1662 3627 latetur
1678 3570 1755 3646 sylv.
1770 3569 1880 3641 probari
1894 3584 1959 3625 sen-

320 3661 390 3717 nollo
399 3701 411 3732 ,.
423 3667 453 3716 ut
468 3660 510 3716 lex
525 3657 686 3715 extendatur
701 3657 734 3714 ad
750 3661 858 3731 omnia,
870 3659 895 3715 in
911 3659 1010 3731 quibus
1026 3659 1118 3715 similis
1152 3662 1265 3718 tentiam
1277 3661 1347 3716 bano
1359 3658 1450 3733 quood
1462 3660 1536 3734 leges
1548 3660 1693 3732 poenales,
1705 3664 1734 3715 et
1744 3658 1953 3730 dispositiones,

320 3749 390 3807 ratio
405 3748 557 3820 invenitur,
569 3764 625 3804 non
639 3747 700 3804 ideo
711 3749 782 3804 ratio
795 3747 852 3804 sola
863 3764 910 3819 per
922 3764 951 3804 se
963 3749 1072 3821 obligat,
1087 3754 1119 3805 ut
1154 3765 1203 3808 seu
1219 3749 1414 3821 prohibitiones
1429 3765 1536 3821 earum,
1551 3756 1580 3806 et
1593 3749 1619 3804 iu
1635 3747 1688 3807 boc
1703 3763 1764 3805 esse
1778 3740 1957 3805 communem

209 3891 211 3896 .
239 3913 244 3918 ι
305 3846 464 3923 ⁴ostensum
475 3845 528 3910 est,
540 3837 590 3893 nisi
606 3837 722 3894 accedat
733 3837 860 3894 voluntas
873 3837 1046 3909 legislatoris.
1061 3839 1118 3897 Un-
1154 3841 1332 3912 senteutiam,
1358 3854 1474 3911 eamque
1500 3838 1559 3894 aliis
1582 3837 1608 3894 iu
1634 3837 1703 3895 locis
1726 3837 1854 3895 docuisse
1877 3838 1957 3894 loau.

320 3929 353 3986 do
367 3933 547 4002 retorquetur
562 3926 642 4008 ratio,
659 3927 724 3998 quia
738 3941 786 3998 per
801 3926 885 4000 talem
900 3926 986 4000 legem
1001 3943 1055 3983 non
1069 3943 1118 3986 ex·
1141 3929 1238 3986 'Anda
1254 3928 1361 3986 scilicet
1374 3930 1403 3985 in
1417 3927 1512 4000 regula
1523 3925 1602 3993 odia,
1621 3927 1646 3982 in
1660 3932 1687 3998 6,
1699 3933 1725 3984 at
1738 3928 1763 3983 in
1774 3926 1908 3984 clement.
1930 3932 1956 3985 t.

322 4019 449 4091 primitur
463 4017 590 4075 voluntas
605 4014 768 4089 legislatoris
784 4014 910 4088 obligans
929 4016 962 4073 ad
978 4017 1059 4074 talem
1072 4033 1119 4075 ex·
1153 4020 1186 4076 de
1201 4018 1284 4076 elect.
1300 4017 1378 4074 lmol.
1395 4027 1422 4074 et
1435 4018 1511 4074 Gom.
1528 4019 1555 4073 in
1567 4017 1641 4074 dicto
1652 4033 1715 4088 oap.
1728 4018 1890 4076 Statutam.
1904 4017 1960 4074 Pa·

253 4116 258 4130 ¹
324 4110 493 4180 tensionem,
510 4121 577 4178 ergo
599 4106 675 4162 nulla
695 4112 737 4161 est
751 4105 812 4162 talis
826 4104 965 4178 obligatio.
981 4108 1119 4164 Probatur
1153 4108 1300 4165 normitan.
1317 4108 1398 4164 etiam
1411 4107 1439 4162 ia
1452 4122 1514 4178 cap.
1535 4110 1560 4163 t.
1578 4104 1613 4162 de
1627 4121 1656 4162 re
1672 4105 1756 4162 iudic.
1777 4122 1804 4162 u.
1825 4110 1869 4163 ts.
1887 4107 1960 4163 Nam

322 4197 531 4272 consequentia,
543 4196 607 4269 quia
622 4196 749 4253 voiiintas
765 4196 926 4268 legislatoris
938 4212 991 4254 non
1003 4197 1116 4270 obligat,
1155 4197 1219 4254 licet
1231 4197 1320 4268 dieat,
1338 4195 1426 4268 legem
1437 4195 1578 4267 poenalem
1592 4194 1701 4251 extendi
1713 4193 1746 4251 ad
1759 4194 1856 4251 limites
1872 4197 1959 4252 ratio-

323 4291 374 4347 nisi
388 4289 575 4362 exprimatur,
592 4292 620 4342 et
633 4286 677 4341 illa
691 4301 743 4342 uon
758 4287 934 4358 exprimitury
949 4303 1015 4360 ergo
1030 4304 1061 4343 ex
1076 4287 1120 4344 illa
1153 4289 1196 4343 nis
1209 4300 1365 4357 expressae,
1378 4286 1470 4342 statim
1483 4283 1584 4341 subdit:
1599 4286 1692 4341 Secus
1703 4283 1754 4342 ubi
1768 4282 1960 4357 allegaretur

322 4397 377 4439 non
397 4384 486 4451 potest
506 4391 566 4433 esse
587 4374 734 4447 obligatio,
750 4391 801 4432 uec
820 4377 901 4434 etiam
915 4391 948 4434 ex
961 4377 1019 4433 sola
1033 4379 1118 4436 ratio·
1153 4374 1250 4435 simile
1270 4373 1324 4431 sub
1335 4371 1532 4446 facilioribus
1547 4377 1697 4441 terooiuis,
1715 4371 1759 4430 ael
1770 4373 1910 4447 paribus,
1929 4380 1960 4430 et

322 4487 371 4540 ne,
387 4485 454 4542 ergo
467 4482 500 4523 ex
515 4464 590 4522 nullo
604 4465 702 4535 capite.
1154 4467 1326 4524 citationoc.
1340 4466 1367 4521 in
1379 4479 1440 4536 cap.
1457 4467 1534 4522 Cum
1545 4463 1679 4539 speciali,
1694 4463 1727 4520 dc
1738 4463 1866 4536 appellat.
1882 4461 1959 4536 apud

365 4561 408 4620 ii.
426 4555 479 4616 Sed
498 4555 552 4612 dici
567 4561 675 4628 potest,
690 4553 765 4626 quod
780 4554 844 4612 licet
858 4555 927 4612 ratio
943 4555 1002 4612 sola
1015 4571 1070 4612 noo
1085 4556 1119 4613 sit
1155 4571 1240 4629 quem
1261 4553 1327 4610 nibil
1347 4555 1463 4611 invenio.
1478 4556 1513 4610 tt
1527 4569 1593 4610 vero
1607 4554 1633 4610 in
1648 4553 1751 4626 legibus
1766 4569 1820 4610 non
1835 4553 1954 4625 poenali·

322 4654 365 4711 lex
386 4651 443 4707 sine
468 4647 622 4718 voluntate,
644 4651 734 4708 tamen
758 4651 801 4702 est
825 4645 931 4718 siguum
956 4645 1117 4732 voluntatis,
1154 4646 1218 4717 bus,
1232 4659 1283 4702 neo
1299 4643 1580 4715 correctoriisplures
1593 4643 1718 4700 exdiotis
1732 4644 1837 4713 iuristis
1856 4641 1957 4701 admit-

322 4738 470 4815 praecipue
485 4734 594 4810 quaudo
609 4735 635 4790 in
646 4733 703 4806 ipsa
714 4733 960 4807 legeexprimitur3
974 4751 1039 4808 ergo
1051 4744 1118 4793 tunc
1154 4741 1217 4793 tunt
1230 4735 1431 4804 extensionem,
1447 4732 1494 4789 sed
1510 4747 1560 4789 uec
1572 4733 1705 4789 rationem
1717 4731 1903 4790 sutiicientem
1918 4733 1960 4790 ai·

322 4839 433 4891 tantum
454 4825 610 4885 extenditur
632 4825 773 4897 volirntas,
789 4832 924 4899 quantum
939 4826 1024 4897 ratio,
1040 4827 1120 4883 etita
1154 4825 1262 4898 ierunt,
1275 4839 1326 4880 noc
1340 4822 1519 4880 differentiam
1530 4821 1711 4879 sufficientem
1722 4823 1791 4880 inter
1803 4823 1876 4896 leges
1892 4839 1959 4896 poe·

322 4920 478 4980 curatione
498 4914 643 4973 resultabit
655 4916 842 4987 interpretatio
857 4901 912 4972 nod
927 4922 1035 4973 tautum
1050 4931 1119 4988 pure
1154 4913 1246 4986 uoles,
1262 4919 1290 4972 et
1309 4931 1364 4970 non
1381 4912 1508 4985 poenales
1527 4911 1618 4986 quoad
1639 4913 1694 4969 vim
1712 4911 1873 4970 directivom
1889 4915 1958 4972 asei-

322 5009 480 5080 extensira,
503 5004 552 5063 sed
571 5004 652 5061 etiam
673 5005 913 5078 comprehensim
928 5009 956 5060 ot
976 5007 1015 5062 sio
1037 5006 1119 5063 etiam
1154 5003 1239 5079 gnare
1253 5009 1387 5076 possunt,
1403 5010 1435 5060 ut
1450 5019 1534 5076 supra
1548 5003 1686 5077 dicebam,
1699 5003 1795 5076 quiesi
1806 5003 1880 5078 leges
1892 5021 1958 5079 poe·

204 5137 213 5150 ·
321 5099 464 5175 procedit,
479 5093 554 5169 quod
573 5092 649 5151 Bald.
671 5101 699 5152 et
720 5094 765 5151 alii
783 5093 894 5168 dicunt,
912 5095 1043 5152 rationem
1057 5112 1118 5155 esse
1154 5095 1292 5153 nalcsnoo
1305 5095 1452 5152 admittunt
1466 5093 1536 5151 bano
1547 5094 1748 5165 esoenaionem,
1761 5109 1816 5150 non
1835 5103 1879 5153 est
1894 5109 1958 5168 pro·

321 5193 408 5263 ipsam
421 5185 590 5260 legem,quia
602 5182 717 5240 involvit
727 5185 910 5260 voluntatem,
922 5191 950 5241 et
959 5185 1019 5244 ideo
1030 5201 1117 5261 aequo
1155 5192 1216 5260 pter
1229 5200 1345 5260 poenam
1361 5183 1530 5248 adiunctam,
1543 5198 1615 5256 quae
1624 5189 1669 5241 est
1678 5183 1742 5256 quid
1757 5187 1957 5260 accessorium,

322 5276 431 5343 extendi
444 5278 531 5354 legem
545 5275 646 5352 ipsam,
662 5289 694 5332 ao
710 5275 845 5336 rationem
859 5277 931 5334 eius.
943 5274 996 5336 Sed
1007 5273 1071 5352 boo,
1086 5275 1119 5337 li·
1157 5273 1207 5336 sed
1226 5277 1291 5350 qiria
1311 5274 1440 5336 voluutas
1460 5273 1624 5348 legislatoris
1643 5288 1677 5332 ex
1696 5273 1722 5331 ri
1746 5273 1832 5332 solius
1845 5276 1959 5336 rationis
