4190 6234
380 288 422 354 16
503 333 506 358 ,
1086 309 1187 360 eman
1202 311 1237 359 v.

340 446 407 490 num
422 431 543 507 obligare
561 434 589 491 iu
609 435 780 494 conscientia
799 435 925 496 subditos
944 434 1136 510 delinquentes
1171 437 1198 492 in
1209 435 1378 494 conscientia
1391 436 1538 512 obligetur.
1550 437 1610 495 lion
1623 399 1691 510 erge
1704 434 1779 510 cogit
1788 433 1894 509 prima
1904 431 1994 489 ratio.

341 522 504 598 adpoenam
520 526 1138 602 antesenteutiam.Proquereierripossunt
1171 525 1870 603 Necetiamsecunde,quialiceliudexexefficio
1885 522 1995 580 debeat

340 615 439 673 Gerar.
452 615 478 672 iu
492 616 610 689 Epitem.
624 619 725 691 quarti,
738 634 766 691 p.
780 623 809 692 2,
822 635 848 676 c.
863 623 891 690 6,
903 616 916 686 l
926 624 954 690 8,
970 625 998 676 et
1011 617 1053 674 alii
1069 615 1138 674 iulra
1171 632 1272 691 cogere
1291 618 1324 677 ad
1344 619 1417 694 leges
1440 618 1604 693 servandas,
1625 626 1716 676 tamen
1736 619 1832 676 etiam·
1844 614 1998 688 legislator
2067 609 2068 656 l

340 705 450 765 citandi.
467 708 568 764 Tamen
588 706 682 766 nullus
702 715 756 781 est,
775 709 822 782 qui
841 725 897 766 uon
917 707 999 766 addat
1019 707 1136 796 aliquem
1172 709 1230 781 ipse
1253 715 1344 782 potest
1367 710 1484 784 aliquam
1508 711 1678 768 coactionem
1703 724 1751 781 per
1775 724 1804 765 se
1833 705 1995 775 adhibere,
2067 711 2068 786 j

339 798 540 870 exceptionem,
552 804 579 856 et
592 798 629 856 ita
639 815 694 856 nou
707 799 834 857 uidentur
844 801 882 857 ita
891 799 1038 873 generatim
1050 798 1135 871 loqui,
1172 801 1332 871 praesertim
1341 815 1392 873 pro
1403 799 1628 873 hiscasibus,pro
1637 797 1849 874 quibusviderit
1862 794 1996 854 officium

340 903 499 962 quenquam
511 886 605 960 plures
614 904 712 947 eorum
723 891 853 962 rationes,
864 891 886 948 si
895 891 1024 948 efficaces
1034 894 1136 961 essent,
1174 887 1274 946 iudicis
1288 907 1343 947 non
1359 890 1500 964 sulficereq
1517 896 1545 948 et
1559 890 1611 948 hoc
1625 889 1691 948 iacit
1703 890 1849 962 Ecclesia,
1874 882 1996 962 quando

341 976 368 1035 id
383 977 542 1050 probarent.
554 980 649 1036 Potest
661 995 727 1054 erge
739 975 955 1039 heec'seutentie
965 977 1074 1038 suaderi
1085 977 1138 1051 pri·
1173 978 1288 1052 imponit
1307 995 1440 1038 censuras
1463 981 1522 1053 ipso
1545 980 1634 1053 laet03
1659 993 1725 1054 erge
1744 981 1830 1038 etiem
1847 981 1957 1050 potest
1969 971 1997 1029 id

339 1082 396 1140 mo,
412 1068 476 1156 quia
493 1073 588 1126 contra
601 1069 731 1127 iustitiam
745 1077 799 1144 est,
815 1077 846 1128 ut
865 1069 1031 1144 aliquisuon
1047 1073 1137 1127 taccu·
1172 1068 1264 1126 lacere
1288 1071 1457 1144 quicumque
1481 1069 1550 1128 alius
1575 1069 1729 1143 legislator,
1752 1071 1775 1126 si
1794 1065 1925 1126 aliunde
1937 1080 1996 1121 non

339 1164 428 1230 satus,
440 1163 469 1215 et
481 1161 628 1217 convictus
642 1159 855 1235 condemnetur,
866 1162 1029 1236 priusquam
1043 1160 1138 1218 audia-
1173 1167 1319 1234 repugnet.
1335 1162 1376 1220 Ex
1390 1163 1472 1219 tertio
1489 1163 1573 1219 etiam
1587 1160 1676 1234 capite
1690 1163 1807 1234 agentis,
1823 1166 1858 1216 et
1881 1155 1996 1230 patien-

339 1254 398 1323 tur,
413 1254 441 1306 ct
460 1247 522 1306 ideo
541 1249 594 1308 hoc
614 1249 744 1308 damnant
761 1253 851 1308 omnia
871 1251 944 1309 iura:
962 1250 1010 1308 sed
1030 1251 1052 1308 si
1072 1250 1136 1324 quis
1173 1253 1209 1324 tls
1224 1266 1278 1309 non
1297 1258 1450 1326 repugnem
1466 1258 1525 1309 tum
1538 1252 1603 1326 quia
1617 1251 1644 1307 in
1665 1249 1828 1322 viventibus,
1848 1253 1883 1306 et
1906 1260 1992 1318 pree·

340 1437 398 1503 tus,
412 1438 441 1488 et
459 1446 513 1488 nen
527 1432 689 1506 convictum
704 1447 770 1507 erqo
790 1439 864 1490 esset
877 1438 975 1491 eontm
994 1432 1134 1505 iustitiam3
1173 1435 1289 1507 patiens3
1306 1438 1366 1491 tum
1386 1435 1469 1492 etiam
1483 1433 1548 1507 quia
1569 1431 1710 1490 interdum
1730 1436 1822 1504 potest
1845 1441 1948 1503 poena
1962 1425 1994 1481 'iu
2067 1405 2068 1458 ἶ

340 1537 407 1595 ergo
419 1520 530 1579 excedit
543 1537 651 1581 emnem
666 1528 838 1596 potestatem.
855 1521 999 1595 Secundo,
1014 1523 1078 1597 quie
1091 1537 1139 1579 co·
1171 1524 1278 1582 actione
1297 1524 1459 1596 consistere,
1480 1525 1504 1579 si
1524 1522 1679 1581 voluntarie
1695 1529 1755 1598 est3
1771 1529 1832 1580 tum
1857 1519 1991 1590 denique

338 1627 403 1687 gere
411 1610 452 1694 ad
465 1611 664 1670 observantiam
682 1612 750 1688 legis
764 1620 806 1671 est
822 1613 946 1672 officium
961 1609 1074 1686 iudicis,
1090 1613 1138 1686 qui
1175 1615 1240 1688 quia
1251 1628 1332 1687 saepe
1345 1613 1387 1672 lex
1399 1615 1457 1686 ipsa
1470 1629 1566 1671 aecum
1578 1613 1658 1671 aiiert
1667 1610 1877 1682 executionem,
1890 1615 1925 1666 et
1939 1608 1991 1664 im·
2067 1657 2068 1660 ,

340 1702 374 1760 alt
395 1703 538 1761 Aristotele
552 1709 696 1777 prepterea
714 1710 834 1762 vocatur
852 1705 956 1762 iustum
975 1705 1136 1778 animatum,
1172 1706 1248 1779 ponit
1260 1720 1387 1778 poenam,
1398 1703 1472 1762 stude
1484 1705 1594 1776 ipsaest
1608 1718 1701 1776 agens,
1713 1710 1742 1760 et
1756 1703 1840 1758 homo
1856 1699 1987 1774 patiens.

339 1791 387 1850 sed
411 1799 510 1851 contre
528 1800 658 1852 naturam
677 1799 730 1868 est,
752 1794 873 1870 obligare
895 1811 985 1868 reum,
1006 1801 1040 1852 ut
1058 1794 1086 1851 in
1109 1808 1138 1850 se
1172 1796 1294 1871 lienique
1307 1793 1458 1853 difficultas
1471 1811 1527 1852 non
1540 1801 1584 1852 est
1597 1799 1684 1867 tanta,
1695 1809 1765 1868 quae
1780 1797 1908 1868 superet
1922 1805 1993 1847 con-

338 1891 468 1942 exerceat
481 1883 605 1942 efficium
617 1883 732 1955 iudicis,
747 1893 776 1943 et
789 1885 840 1943 eibi
854 1885 951 1944 inierat
964 1888 1020 1943 vim
1032 1891 1062 1942 et
1074 1900 1139 1942 cea·
1173 1885 1301 1944 ditionem
1316 1885 1474 1944 humanam:
1486 1901 1553 1942 *nam
1567 1883 1815 1942 excommunicatio
1831 1883 1909 1939 satis
1925 1895 1991 1954 gra·
2067 1885 2068 1916 ³

338 1977 469 2050 ctionem3
485 1990 551 2049 ergo
566 1975 649 2034 etiam
663 1984 707 2033 est
719 1981 818 2034 contre
832 1984 960 2034 naturam
974 1975 1093 2051 obligare
1107 1975 1139 2033 il·
1174 1975 1213 2032 vis
1227 1991 1314 2049 poene
1333 1983 1389 2050 est,
1404 1983 1433 2034 et
1452 1975 1487 2034 ad
1507 1976 1595 2035 multa
1615 1976 1717 2050 obligat
1735 1975 1801 2033 satis
1821 1973 1936 2046 ardua,
1958 1978 1991 2028 ut
2067 1993 2068 1996 ¹

338 2061 408 2135 lum,
423 2072 456 2123 ut
473 2079 589 2139 poenam
603 2067 630 2123 in
650 2081 679 2124 se
693 2074 858 2142 exequetur,
873 2069 938 2141 quia
952 2082 1002 2140 per
1021 2081 1139 2141 poenam
1173 2072 1238 2125 eunt
1250 2068 1351 2142 privari
1363 2069 1436 2126 omni
1451 2085 1505 2126 usu
1519 2083 1614 2126 rerum
1625 2082 1781 2140 sacrarum,
1793 2071 1822 2124 et
1834 2067 1921 2123 omni
1937 2063 1989 2120 hu·
2067 2077 2068 2090 ³

338 2155 368 2213 lit
388 2158 508 2214 coactio.
529 2155 608 2216 liade
632 2165 842 2235 argumentetur
869 2159 951 2215 tertio
972 2159 1054 2232 soto,
1076 2173 1139 2216 nam
1175 2157 1988 2230 manacommunicatione,etfructibusbeneficiorum,etc.

339 2261 428 2319 poene
446 2247 571 2304 consistit
589 2247 616 2303 in
635 2247 777 2322 passione,
793 2264 860 2323 ergo
880 2255 980 2306 natura
997 2247 1137 2319 abhorret,
1166 2254 1202 2308 et
1214 2249 1390 2307 nihilominus
1403 2247 1439 2306 ad
1456 2248 1525 2307 haec
1539 2249 1676 2324 obligetur
1688 2247 1770 2305 homo
1783 2255 1848 2305 ants
1871 2250 1988 2302 senten·

338 2342 372 2393 ut
385 2334 485 2411 aliquis
499 2343 617 2411 cogatur
629 2353 690 2396 eam
704 2339 730 2395 in
744 2354 773 2396 se
786 2339 894 2413 exequi,
910 2340 976 2412 quia
990 2354 1044 2396 non
1058 2336 1140 2396 debet
1174 2340 1259 2412 tiam3
1275 2355 1341 2413 erge
1355 2341 1495 2412 imponere
1510 2338 1562 2397 hee
1582 2355 1653 2396 onus
1667 2354 1721 2396 nen
1735 2344 1779 2395 est
1797 2351 1891 2410 supra
1905 2341 1989 2408 pete·

338 2419 420 2488 simul
435 2443 496 2485 esse
515 2443 598 2503 agens
612 2435 641 2487 et
659 2428 775 2502 petiens.
790 2430 896 2498 Quarto
911 2434 1140 2503 argumentantur
1174 2435 1273 2487 statem
1288 2429 1354 2504 legis
1368 2429 1513 2501 humanae,
1528 2444 1579 2486 nec
1594 2435 1729 2503 repugnat
1742 2429 1769 2486 in
1782 2428 1858 2486 omni
1873 2439 1985 2500 poena,

338 2517 434 2577 multi:
449 2519 493 2584 lex
514 2519 633 2578 humana
647 2518 728 2578 debet
747 2534 808 2578 csse
826 2520 984 2593 tolerabilis,
999 2527 1032 2578 ut
1055 2535 1141 2592 supra
1175 2519 1239 2578 licet
1250 2523 1278 2578 in
1292 2521 1382 2596 aliqua
1395 2528 1541 2596 repugnet,
1557 2527 1590 2578 ut
1603 2520 1735 2579 diximus.

339 2606 509 2684 dictumest,
531 2612 585 2668 imo
605 2617 634 2668 et
653 2610 749 2680 iacilis,
767 2617 799 2670 ut
817 2611 979 2685 regulariter
999 2597 1139 2668 obseruasi
1214 2616 1241 2670 6.
1256 2613 1305 2671 Est
1318 2627 1384 2687 ergo
1398 2615 1479 2670 tertia
1497 2612 1644 2683 sententia,
1659 2626 1760 2685 queen
1778 2609 1865 2684 priori
1883 2605 1981 2664 solum

341 2701 440 2774 possit,
462 2716 516 2758 non
539 2701 611 2758 euim
633 2708 676 2758 est
697 2699 918 2773 praecipiendum
938 2701 1042 2776 multis,
1063 2698 1138 2774 qued
1175 2702 1276 2778 diflert,
1290 2703 1355 2776 quia
1374 2703 1474 2777 excipit
1495 2703 1566 2761 solas
1586 2719 1729 2761 censuras.
1744 2703 1783 2760 lte
1805 2700 1895 2758 sentit
1914 2701 1984 2756 soto

340 2793 422 2865 pauci
432 2790 681 2864 possuntelllcere,
694 2791 743 2848 sed
757 2791 855 2865 exequi
866 2791 892 2847 in
903 2806 1063 2864 sepocnam
1077 2797 1140 2848 ante
1174 2793 1223 2852 lib.
1241 2798 1266 2853 i.
1282 2791 1318 2850 de
1330 2795 1424 2852 inette.
1441 2809 1468 2868 q.
1483 2796 1512 2865 6,
1527 2799 1580 2852 art.
1594 2796 1622 2864 6,
1637 2800 1665 2850 et
1678 2793 1724 2852 lib.
1740 2797 1769 2864 l,
1784 2809 1812 2866 q.
1830 2795 1861 2866 6,
1877 2795 1934 2848 art.
1953 2791 1981 2846 3.
2067 2851 2068 2854 ,

231 2916 233 2925 »
342 2896 451 2938 omnem
462 2880 767 2940 condemnationemest
778 2881 908 2939 resvelde
920 2880 1140 2956 dilllcilis,quem
1174 2885 1226 2954 Qui
1244 2883 1388 2958 singularis
1403 2891 1444 2941 est
1463 2885 1491 2941 in
1505 2885 1569 2958 hoc,
1584 2883 1740 2958 quodlicet
1759 2883 1896 2954 letentur,
1913 2895 1981 2936 cen-

341 2971 481 3031 meraliter
500 2970 637 3046 loquendo
652 2973 734 3044 pauci
753 2970 921 3046 implebunt3
936 2988 1003 3047 ergo
1023 2969 1078 3030 non
1098 2979 1141 3030 est
1176 2991 1257 3032 suras
1268 2991 1350 3048 pesse
1362 2991 1412 3049 per
1426 2973 1513 3049 legem
1525 2977 1626 3049 imponi
1636 2977 1696 3049 ipso
1706 2975 1780 3033 iacto
1793 2974 1827 3052 lid
1840 2975 1918 3032 enim
1931 2986 1980 3028 ne·
2067 2999 2068 3002 ¹

341 3063 455 3122 materie
469 3062 678 3122 accommodata
691 3062 744 3138 legi
758 3062 903 3121 humanae.
1175 3081 1241 3142 gere
1253 3082 1310 3124 nen
1322 3069 1450 3141 peterat),
1466 3066 1499 3124 de
1513 3067 1641 3125 omnibus
1655 3061 1713 3124 eliis
1727 3065 1821 3140 poeuis
1834 3066 1864 3123 id
1880 3068 1980 3138 neget,

385 3159 412 3212 5.
426 3155 500 3212 liaeo
515 3154 649 3212 sententia
661 3169 716 3212 uun
734 3159 825 3228 potest
838 3153 1029 3213 universaliter
1045 3153 1138 3213 delen·
1175 3157 1266 3215 solum
1280 3164 1393 3230 prepter
1411 3155 1589 3215 fundamenta
1607 3157 1732 3230 proxime
1747 3156 1837 3214 soluta
1848 3155 1879 3212 iu
1900 3167 1981 3227 prae·

347 3242 386 3316 di,
400 3249 429 3301 et
441 3244 507 3301 itae
526 3242 600 3300 nullo
614 3242 727 3302 doctore
748 3242 896 3319 catholico,
911 3259 994 3319 quem
1012 3244 1139 3318 viderim,
1177 3246 1286 3306 cedenti
1306 3247 1489 3322 paragrapho.
1504 3249 1652 3306 Constituit
1670 3254 1761 3305 numm
1781 3244 1979 3312 ditiorentiam,

345 3333 537 3392 universaliter
558 3332 599 3391 vel
618 3334 676 3392 aine
688 3334 848 3394 limitatione
862 3335 1004 3393 asseritur.
1016 3335 1083 3405 Quia
1095 3351 1142 3393 ex·
1175 3338 1239 3412 quia
1251 3353 1298 3411 per
1312 3353 1457 3410 censuras,
1469 3339 1565 3412 inquit,
1577 3339 1666 3412 privat
1675 3336 1801 3396 Ecclesia
1811 3335 1908 3394 ildeles
1918 3331 1980 3408 qul·

346 3424 556 3483 communicatio
569 3432 612 3482 est
629 3439 727 3498 mena,
737 3431 765 3483 et
778 3426 949 3500 pronissime,
965 3433 997 3484 ut
1014 3429 1078 3484 iura
1091 3425 1141 3485 do·
1175 3429 1292 3487 busdam
1303 3429 1383 3486 bouis
1393 3430 1599 3501 communibus,
1609 3427 1683 3504 quod
1694 3427 1901 3501 potestleeere,
1911 3436 1980 3497 quo·

345 3521 424 3589 centq
439 3522 467 3573 et
487 3521 578 3573 maren
590 3516 778 3574 certissimum
792 3522 850 3590 est,
868 3532 948 3590 saepe
962 3517 1063 3589 imponi
1081 3519 1141 3590 ipso
1178 3521 1350 3594 tiescumque
1364 3534 1398 3577 ex
1411 3525 1488 3593 parte
1501 3518 1611 3577 illorum
1625 3517 1865 3576 sullicienseeuse
1880 3513 1977 3583 luerit,

346 3605 431 3680 lecte,
442 3613 472 3674 et
485 3606 588 3664 incurri
598 3611 661 3664 ante
674 3607 836 3666 senteutiam
847 3605 958 3680 iudicis,
970 3613 999 3666 et
1011 3607 1085 3666 idem
1099 3615 1142 3666 ast
1175 3610 1251 3669 nulle
1263 3616 1387 3683 spectato
1399 3624 1497 3668 eorum
1510 3624 1659 3682 censensu,
1671 3623 1761 3682 neque
1775 3603 1976 3664 interveniente

345 3696 378 3756 de
391 3697 449 3754 aliis
462 3699 600 3764 censuris.
615 3697 657 3755 Er
675 3713 731 3771 quo
745 3697 870 3770 exemplo
884 3704 1008 3772 constet,
1022 3699 1141 3757 rationes
1176 3702 1227 3759 elie
1247 3701 1363 3775 actione,
1383 3707 1490 3774 practer
1509 3702 1597 3774 ipsam
1617 3700 1778 3759 sententiam
1799 3697 1879 3772 legis.
1896 3694 1978 3752 Sicut

345 3787 435 3854 lactes,
453 3804 508 3846 nen
528 3787 630 3846 habere
648 3788 714 3861 vim,
736 3804 797 3846 nam
816 3790 864 3862 qui
883 3790 1142 3848 excommunicetur
1176 3797 1274 3866 potest,
1289 3791 1391 3865 inquit,
1406 3806 1453 3850 rex
1466 3807 1522 3849 non
1534 3789 1676 3849 admittere
1690 3789 1722 3847 ad
1742 3787 1886 3874 publicum
1909 3799 1976 3842 cou-

345 3882 406 3954 ipse
427 3880 513 3954 lecte,
529 3879 729 3938 condemnetur
750 3886 900 3953 antequem
913 3881 939 3936 iu
959 3880 1087 3938 auteriori
1100 3881 1142 3938 iu·
1176 3883 1278 3940 rivirum
1290 3881 1325 3939 de
1343 3882 1423 3940 bonis
1445 3883 1503 3940 suis
1520 3897 1595 3953 eum,
1611 3882 1659 3955 qui
1671 3879 1740 3937 hanc
1754 3877 1797 3935 vel
1816 3877 1894 3936 illam
1908 3888 1978 3933 eon·

316 3979 331 4016 ⁰
346 3969 419 4029 dicio
436 3969 576 4042 audiatur,
591 3975 753 4042 accusetur,
765 3975 795 4028 et
807 3970 1004 4044 convincaturj.
1018 3985 1085 4045 ergo
1099 3971 1142 4031 nel
1176 3972 1308 4030 ditionem
1327 3987 1382 4029 non
1401 3971 1539 4044 habuerit,
1554 3970 1630 4029 nulla
1648 3971 1846 4030 interveniente
1866 3971 1976 4026 senten·

346 4061 392 4120 illa
405 4075 493 4134 poena
512 4059 614 4119 iniusta
631 4066 683 4133 est,
698 4059 774 4135 qued
794 4057 942 4119 dicendum
954 4076 1010 4119 non
1030 4067 1084 4136 est,
1098 4061 1142 4120 rel
1178 4062 1228 4136 tia,
1245 4060 1294 4119 sed
1308 4063 1368 4136 ipso
1382 4061 1467 4120 iacto.
1482 4059 1543 4118 Alia
1560 4062 1625 4118 item
1639 4060 1720 4134 ratio,
1734 4066 1763 4117 et
1779 4058 1899 4116 iertessa
1912 4069 1976 4129 pro·

347 4152 402 4211 hoc
416 4169 470 4211 non
484 4159 528 4210 est
541 4151 687 4210 intrinsece
700 4151 814 4226 maltam,
825 4166 877 4208 nec
890 4166 939 4224 per
953 4166 982 4208 se
996 4151 1139 4221 iniustum;
1176 4153 1303 4226 habilior,
1318 4151 1396 4218 reddi
1410 4158 1515 4226 posset,
1531 4151 1597 4225 quie
1615 4165 1751 4209 censurae
1763 4165 1818 4207 non
1836 4155 1896 4207 tam
1910 4146 1975 4204 sunt

345 4258 413 4317 erge
427 4259 461 4300 ex
480 4242 534 4300 hoc
548 4242 637 4314 capite
655 4258 710 4300 nen
727 4248 805 4300 recte
824 4240 957 4316 probatur
977 4258 1037 4302 esse
1058 4259 1143 4317 supra
1177 4260 1281 4318 poenae
1300 4242 1493 4314 vindicatiuee,
1515 4256 1598 4316 quem
1619 4241 1809 4316 medicinales,
1831 4245 1862 4297 ut
1881 4242 1976 4296 autem

345 4339 508 4408 potestatem
522 4331 669 4392 humanam
683 4329 805 4406 obligare
819 4331 854 4390 ad
874 4348 990 4406 poenam
1003 4341 1066 4392 ante
1079 4349 1141 4393 sen·
1176 4334 1313 4394 medicina
1332 4333 1508 4406 adhibeatur,
1531 4348 1585 4389 non
1604 4338 1648 4389 eet
1667 4331 1820 4390 necessarie
1839 4327 1974 4388 sententia

346 4424 469 4490 tentiam.
484 4425 562 4482 ilatio
581 4428 673 4482 autem
693 4423 775 4481 huius
792 4429 845 4499 est,
861 4425 926 4498 quie
945 4426 1101 4498 accusatio,
1115 4431 1144 4483 et
1176 4425 1289 4497 iudicis,
1303 4423 1352 4482 sed
1362 4424 1552 4498 unusquisque
1563 4429 1672 4482 tenetur
1680 4438 1742 4482 eam
1752 4436 1906 4498 assumere,
1918 4432 1975 4479 ma·

347 4522 439 4572 cetere
467 4513 565 4573 debent
591 4529 652 4571 esse
678 4513 885 4572 accommodata
910 4513 1140 4591 condemnatione
1176 4517 1248 4575 xime
1267 4514 1449 4590 praecipiente
1467 4513 1587 4588 medico,
1604 4529 1654 4572 seu
1673 4512 1804 4588 doctore,
1820 4511 1888 4570 aliae
1908 4522 1973 4568 tere

346 4605 457 4681 quande
477 4613 569 4664 autem
582 4605 646 4680 quis
666 4621 715 4678 per
734 4604 822 4678 legem
840 4605 983 4677 poenalem
1003 4606 1142 4681 obligatur
1159 4617 1162 4622 ·
1177 4622 1279 4680 poenae
1293 4613 1359 4664 sunt
1371 4606 1559 4679 vindicativae,
1578 4612 1607 4663 et
1625 4604 1686 4663 ideo
1699 4607 1831 4664 maiorem
1850 4603 1973 4662 coactio·

346 4698 406 4772 ipso
424 4698 508 4770 lueto,
525 4714 581 4756 non
601 4695 800 4755 condemnatur
813 4697 842 4754 in
862 4695 922 4754 iore
942 4698 1079 4773 exteriori,
1094 4697 1143 4756 sed
1176 4712 1238 4756 nem
1258 4698 1414 4771 requirunt.
1434 4696 1494 4754 Alia
1514 4697 1580 4754 item
1599 4697 1668 4754 ratio
1688 4694 1766 4754 reddi
1786 4701 1889 4768 posset,
1911 4689 1973 4768 quia

347 4787 375 4845 in
389 4788 567 4861 conscientia3
577 4803 643 4862 ergo
656 4787 683 4844 in
696 4787 742 4845 ille
757 4787 839 4844 debet
851 4789 989 4864 accusari,
1000 4787 1099 4860 audiri,
1113 4794 1143 4846 et
1177 4803 1311 4848 censurae
1324 4786 1495 4845 inducuntur
1505 4801 1554 4860 per
1568 4785 1680 4844 meduna
1690 4773 1831 4859 praecepti
1846 4785 1970 4859 superio·

346 4879 481 4937 convinci.
495 4879 551 4936 lieo
572 4885 665 4936 autem
685 4878 767 4936 medo
788 4884 906 4952 constat,
927 4894 1002 4952 eum,
1022 4881 1070 4954 qui
1091 4878 1142 4937 sihi
1176 4879 1214 4937 ris
1227 4879 1342 4937 tetands
1356 4877 1437 4936 talem
1451 4878 1600 4950 actionem,
1615 4877 1812 4952 receptionem,
1827 4882 1877 4935 aut
1896 4888 1972 4934 eom·

347 4970 477 5028 conscius
490 4975 533 5026 est
553 4967 644 5026 delicti
658 4975 758 5027 eontra
777 4966 865 5042 legem
879 4970 1029 5042 commissi,
1043 4971 1071 5026 in
1091 4985 1142 5026 sua
1175 4969 1399 5043 manicatioqem,
1415 4967 1458 5027 vel
1471 4968 1537 5042 quid
1551 4967 1648 5039 simile,
1661 4974 1690 5026 et
1702 4966 1762 5026 ideo
1775 4984 1829 5025 non
1844 4983 1968 5042 sequun-

346 5060 515 5120 couscientie
524 5061 663 5132 accusari,
675 5066 704 5117 et
717 5059 739 5115 si
750 5058 868 5132 aliquam
878 5060 1082 5118 excusationem
1093 5060 1142 5118 he·
1176 5067 1223 5120 tur
1235 5059 1404 5120 conditiones
1418 5075 1578 5134 poenarum,
1594 5058 1642 5116 sed
1657 5066 1881 5132 praeceptorum,
1895 5069 1967 5133 quae

345 5153 403 5228 bet,
417 5151 515 5225 audiri,
530 5158 559 5209 et
571 5167 643 5210 icum
663 5150 827 5209 rationabilis
845 5167 899 5208 non
919 5157 1058 5226 appareat,
1073 5167 1139 5210 cen·
1176 5153 1297 5227 obligent
1314 5154 1415 5210 virtatee
1430 5151 1516 5224 ipsius
1535 5150 1616 5225 legis,
1631 5149 1734 5224 absque
1748 5151 1801 5208 alia
1822 5123 1966 5207 iaetantia.

346 5244 499 5320 vtncqergo
510 5259 564 5302 non
574 5249 617 5301 est
627 5242 768 5302 alienuma
778 5241 1046 5318 iustae,qu0dtune
1057 5245 1140 5304 etlam
1216 5247 1242 5305 i.
1258 5242 1441 5304 Nihilominus
1454 5242 1522 5301 haec
1536 5240 1670 5300 seutemia
1682 5240 1789 5300 delendi
1800 5257 1855 5300 uon
1869 5245 1970 5316 potest,
