4294 6238
909 395 1131 450 caronarum.
1445 333 1457 360 ο
1730 383 1790 450 321

197 545 260 589 sum
279 536 335 605 est,
358 530 407 589 sed
428 528 603 590 consuetudo
617 535 716 587 contra
737 526 823 601 legem
837 541 893 584 non
907 531 999 599 potest
1033 526 1121 583 multo
1135 525 1237 584 certius
1256 525 1284 583 in
1303 522 1397 583 ordine
1419 523 1451 583 ad
1472 522 1657 599 abrogandam
1676 524 1763 599 legem
1778 526 1830 582 iam

197 635 258 678 esse
271 622 451 692 rationabilis,
468 628 527 680 tum
541 622 606 693 quia
619 635 653 677 eo
666 620 740 690 ipso,
755 615 831 690 quod
845 621 888 672 est
902 620 999 672 eontra
1033 603 1221 689 acceptatam,
1241 621 1271 673 et
1291 631 1343 672 usu
1364 615 1572 688 confirmatam,
1599 613 1698 688 alioqui
1723 631 1831 688 semper

197 711 297 784 legem,
309 718 351 768 est
364 705 461 769 contr‘a
471 713 615 774 rationeme
630 717 688 766 tum
701 710 766 782 quia
777 714 856 764 aetus
866 705 925 762 eius
935 711 1000 762 suut
1033 711 1106 762 esset
1123 706 1149 762 in
1164 704 1257 778 populi
1278 705 1391 763 arbitrio
1406 721 1421 762 a
1436 719 1465 761 se
1478 703 1566 779 legeru
1580 706 1751 778 superiorem
1766 706 1830 762 abii-

197 805 293 875 pravi,
314 803 360 876 qui
381 819 434 860 non
456 807 571 874 possunt
589 798 769 874 peccantibus
784 795 931 870 prodesse,
947 809 998 851 nee
1034 809 1097 852 cere
1117 795 1174 852 sine
1194 794 1292 866 culpa,
1314 795 1378 868 quia
1400 794 1468 851 baec
1489 800 1612 866 potestus
1637 793 1672 850 illi
1685 793 1769 852 datur
1782 810 1831 867 per

198 906 246 949 eos
264 908 281 948 a
300 893 365 966 iugo
376 891 442 966 legis
456 892 582 949 liberare.
597 893 712 962 Propter
731 889 798 946 haec
812 885 960 944 liostieneis
973 886 999 940 in
1034 883 1217 942 conditionem
1231 883 1314 954 illam,
1329 883 1352 940 si
1366 884 1392 940 in
1408 883 1466 956 lege
1478 890 1521 972 est
1532 882 1648 940 inclusa.
1660 881 1737 941 Unde
1749 885 1831 942 etiam

199 983 289 1052 capite
308 987 333 1038 t.
347 980 380 1040 de
397 988 486 1054 trega.
501 986 529 1038 ει
542 994 624 1052 pace,
640 980 739 1048 sensit,
755 978 896 1050 propriam
911 974 999 1048 legem
1034 980 1130 1046 posset
1142 969 1262 1046 po'pulus
1275 971 1404 1029 subditus
1418 988 1564 1045 expresse,
1579 979 1607 1029 et
1618 971 1729 1030 delinito
1743 972 1831 1030 consi·

199 1070 397 1143 praeceptivam
421 1087 475 1126 non
501 1085 581 1142 posse
595 1067 776 1126 desuetudine
795 1065 931 1137 abrogari.
948 1063 1002 1122 Sed
1034 1063 1071 1120 lio
1085 1063 1172 1136 legem
1186 1063 1229 1120 eui
1243 1062 1389 1134 principis,
1408 1068 1457 1120 aut
1471 1061 1582 1135 praelati
1596 1074 1743 1135 revocare,
1759 1078 1831 1136 quae

86 1215 93 1227 ,
199 1167 242 1218 εει
263 1163 354 1232 opinio
383 1158 550 1234 singularis,
574 1161 603 1216 ia
622 1173 678 1231 qua
700 1157 782 1217 etiam
802 1156 860 1229 ipse
881 1157 934 1212 ucn
948 1153 1002 1211 luit
1035 1161 1101 1209 sunt
1113 1151 1291 1210 absurdasit
1303 1166 1369 1226 ergo
1383 1158 1503 1223 certum,
1516 1151 1587 1209 hanc
1599 1157 1832 1224 potestatemesse

200 1257 340 1308 constans.
1036 1239 1224 1314 explicandam
1251 1257 1300 1314 per
1326 1241 1547 1299 coniunctionem
1574 1240 1660 1315 plebis
1687 1258 1753 1300 cum
1779 1258 1832 1300 suo

238 1345 268 1398 2.
283 1341 385 1414 igitur,
406 1339 447 1396 bis
461 1355 515 1397 uon
533 1337 722 1408 obstantibus,
746 1336 841 1410 regula
855 1341 933 1394 certa
946 1341 1001 1408 est,
1036 1331 1157 1404 principe
1176 1337 1206 1389 ει
1224 1330 1390 1406 legislatore.
1406 1331 1474 1400 Quia
1497 1331 1524 1388 in
1547 1331 1624 1404 plebe
1644 1338 1687 1389 est
1711 1338 1834 1404 potestas

200 1427 288 1502 legem
307 1429 530 1498 humanam,sive
544 1427 786 1500 canonicam,aive
799 1426 1003 1500 civilem,posse
1036 1422 1102 1481 laeti
1122 1423 1230 1495 potius,
1251 1435 1334 1495 quam
1354 1421 1432 1494 iuris,
1447 1421 1482 1478 ad
1495 1417 1675 1479 abiiciendam
1697 1421 1772 1478 illam
1794 1421 1836 1479 le·

199 1517 397 1577 consuetudine
420 1518 597 1592 abrogarim
612 1517 665 1575 hoe
681 1531 776 1573 omnes
790 1515 922 1573 doctores
936 1531 1004 1572 con·
1037 1527 1114 1587 gem,
1135 1519 1269 1586 quantum
1289 1512 1316 1568 in
1337 1528 1366 1570 se
1385 1518 1445 1585 est,
1461 1518 1490 1568 ει
1509 1526 1543 1568 ει
1556 1519 1633 1584 parte
1648 1511 1777 1585 principis
1790 1518 1836 1569 εει

201 1610 327 1676 veniunt,
346 1608 545 1682 theologicum
561 1606 588 1664 d.
603 1607 707 1665 Thomu
724 1611 749 1665 l.
763 1610 792 1678 2,
808 1621 836 1679 q.
854 1607 1002 1678 97,art.3,
1037 1603 1118 1661 etiam
1139 1609 1258 1675 potestas
1279 1601 1313 1658 ad
1333 1600 1551 1676 connivendum,
1566 1608 1595 1660 et
1608 1600 1833 1660 consentiendum

201 1697 357 1755 canonistas
380 1699 410 1754 iu
430 1714 493 1770 cap.
510 1695 562 1754 ult.
582 1698 615 1754 de
636 1701 763 1756 consuet.
780 1696 827 1753 ubi
846 1697 929 1752 etiam
950 1695 1004 1752 lia·
1038 1692 1172 1751 voluntati
1187 1691 1298 1765 populi3
1313 1699 1341 1750 et
1355 1693 1392 1748 ita
1405 1692 1561 1766 completur
1574 1698 1695 1765 potestas
1710 1691 1744 1750 ad
1758 1691 1835 1749 aule·

201 1787 298 1844 stiens.
317 1794 346 1844 et
362 1789 389 1844 in
405 1788 528 1857 Summa,
544 1786 655 1860 legistae
670 1787 695 1843 in
710 1785 730 1842 l.
745 1784 910 1859 dequibus,
926 1785 953 1842 ll.
970 1783 1003 1842 de
1037 1781 1149 1841 rendam
1163 1782 1263 1855 legem,
1279 1782 1344 1856 quia
1358 1780 1385 1836 in
1399 1780 1509 1855 ellectu,
1525 1783 1573 1856 qui
1587 1796 1646 1839 eam
1661 1782 1736 1853 tulit,
1748 1780 1835 1838 idem·

200 1874 282 1949 legib.
304 1876 367 1934 etl.
386 1881 410 1949 1,
426 1883 453 1934 et
468 1881 497 1948 t,
511 1878 542 1934 G.
559 1892 629 1950 quae
644 1878 681 1933 sit
695 1876 775 1949 longa
789 1881 917 1933 consuet.
928 1891 1004 1933 sum·
1038 1878 1093 1930 met
1108 1871 1180 1930 illam
1193 1870 1292 1945 aufert,
1308 1869 1382 1946 quod
1396 1870 1488 1929 lacere
1501 1877 1602 1946 potest,
1618 1878 1649 1929 ut
1661 1866 1836 1945 praecedeuti

201 1966 297 2022 mistae
316 1965 399 2022 verbo
413 1963 603 2023 cousuetudo.
620 1966 656 2023 Ει
669 1971 803 2038 quantum
817 1964 852 2023 ad
865 1967 909 2022 ius
922 1979 1005 2023 cano·
1037 1963 1106 2021 libro
1120 1968 1262 2019 ostensum
1275 1969 1328 2019 εει.

203 2055 297 2112 nicum
317 2055 432 2114 habetur
445 2071 575 2129 expresse
588 2057 616 2113 in
629 2055 706 2114 dicto
717 2072 780 2129 cap.
795 2054 928 2113 ultimde
938 2071 1005 2113 cnu-
1077 2057 1105 2112 t.
1120 2054 1209 2126 mque
1224 2051 1286 2128 binc
1301 2057 1420 2126 constat,
1432 2053 1459 2109 in
1474 2050 1528 2110 boc
1541 2051 1642 2111 ellectu
1658 2051 1774 2112 maxime
1788 2049 1838 2109 ba·

203 2143 315 2202 suetud.
332 2151 442 2216 praeter
461 2143 532 2218 alia,
554 2160 625 2218 quae
639 2148 791 2220 generatim
804 2144 922 2219 docent,
936 2145 1005 2204 auti·
1038 2142 1103 2200 bere
1117 2142 1222 2217 locum,
1238 2142 1312 2216 quod
1326 2158 1410 2216 supra
1423 2141 1552 2216 diximus,
1564 2158 1620 2200 nou
1633 2157 1696 2201 csse
1710 2157 1839 2201 neceesa-

202 2250 285 2308 quam
304 2235 528 2294 consuetudinem
552 2251 615 2294 esse
630 2236 811 2310 servandam,
827 2251 901 2309 quae
916 2238 1005 2308 capita
1038 2233 1125 2302 rium,
1141 2239 1173 2290 ut
1186 2233 1212 2289 ia
1230 2233 1289 2304 ipso
1303 2232 1405 2306 populo
1419 2248 1467 2306 per
1481 2247 1510 2290 se
1524 2239 1647 2306 spectato
1662 2235 1698 2290 eit
1718 2237 1840 2306 potestas

202 2324 378 2397 praecedenti
399 2326 491 2382 citari.
506 2327 573 2383 item
593 2327 621 2382 ia
643 2327 703 2382 iure
724 2325 797 2383 cirili
817 2334 861 2383 est
874 2340 1005 2399 expressa
1040 2323 1126 2380 activa
1140 2321 1270 2397 ponendi,
1285 2322 1327 2380 vel
1343 2321 1453 2381 tollendi
1467 2323 1566 2397 legem,
1582 2322 1631 2381 sed
1645 2321 1774 2380 suillcere
1792 2338 1841 2380 ca·
1860 2343 1867 2354 ·

202 2413 223 2471 l.
236 2413 398 2488 dequibus,
415 2415 442 2473 ll'.
457 2414 490 2473 de
505 2415 585 2489 legib.
598 2416 625 2472 in
638 2417 690 2472 line
704 2415 815 2473 diceus:
831 2418 1006 2474 Rectissime
1040 2411 1185 2486 pacitatem
1199 2413 1335 2485 passivam
1349 2411 1426 2485 legis,
1442 2419 1470 2470 et
1482 2413 1743 2486 quodeonsuetudo
1756 2413 1843 2470 intro·

201 2509 354 2577 receptum
372 2508 424 2570 est,
438 2507 471 2561 ut
486 2503 563 2578 leges
576 2519 636 2562 aaa
649 2503 745 2562 solum
760 2502 910 2579 suffragia
923 2503 1008 2579 lepte·
1041 2500 1161 2559 ducatur
1172 2500 1205 2558 ab
1220 2501 1285 2575 illis,
1296 2500 1330 2558 ad
1343 2517 1415 2576 quos
1425 2501 1467 2558 lex
1483 2503 1615 2576 loquitup.
1622 2502 1690 2571 Quia
1701 2502 1746 2559 bic
1760 2507 1842 2558 aetus

203 2590 324 2661 muru,
350 2591 402 2650 sed
421 2595 515 2651 etium
537 2595 630 2650 tuelle
647 2609 790 2652 consensu
803 2597 939 2652 mnium
953 2609 1007 2669 per
1041 2591 1213 2666 repugnandi
1234 2591 1285 2665 legi
1298 2607 1348 2664 per
1368 2591 1614 2664 consuetudinem,
1631 2609 1685 2649 non
1699 2598 1743 2650 εει
1761 2597 1843 2649 actus

204 2679 427 2740 desuetudinem
441 2682 632 2756 adsaporetur.
646 2682 720 2740 ldem
734 2684 852 2741 babetur
871 2687 1008 2742 innostro
1043 2682 1251 2750 iurisdictionis,
1267 2680 1308 2738 rel
1324 2681 1449 2754 publicae
1465 2682 1618 2753 potestatis3
1630 2681 1680 2740 sed
1693 2690 1737 2738 est
1751 2681 1844 2754 potius

203 2787 288 2846 regno
308 2775 333 2830 ia
351 2772 370 2829 Ι.
388 2779 416 2844 3,
431 2780 460 2830 ει
477 2777 505 2846 5,
521 2775 564 2830 tit.
581 2777 611 2844 ι,
627 2775 723 2845 partit.
741 2779 765 2832 l.
780 2775 896 2834 Ratione
916 2780 1010 2832 autem
1042 2787 1150 2843 eorum,
1172 2772 1220 2845 qui
1239 2785 1336 2844 parere
1355 2770 1486 2829 deberent
1506 2771 1570 2846 legi,
1591 2773 1657 2846 quia
1677 2777 1743 2829 sunt
1763 2777 1846 2828 aetus

203 2862 346 2934 probanda
368 2869 411 2919 εει
432 2862 500 2920 Ιιιεε
521 2863 635 2920 assertio
650 2879 683 2920 eo
704 2863 805 2932 modo,
821 2879 878 2938 quo
893 2863 1009 2921 similem
1043 2865 1124 2937 quasi
1136 2862 1283 2936 contrarii,
1299 2868 1327 2920 ει
1339 2861 1401 2919 ideo
1414 2867 1560 2919 versantur
1573 2862 1649 2920 circa
1666 2860 1752 2934 idemq
1767 2861 1848 2918 etita

205 2953 230 3009 ia
252 2953 341 3024 eapite
358 2951 532 3025 praecedenti
547 2952 736 3026 probavimus,
752 2954 818 3027 qula
831 2952 866 3010 ad
879 2953 955 3011 hune
969 2952 1008 3010 el·
1044 2954 1071 3009 in
1086 2951 1189 3025 populo
1207 2952 1280 3010 laico
1294 2957 1337 3008 est
1350 2957 1472 3023 potestas
1487 2948 1681 3010 introducendi
1694 2955 1847 3009 consuetu·

204 3041 308 3099 iectum
331 3057 386 3099 aon
405 3040 484 3099 deest
497 3049 620 3115 potestas
634 3045 661 3100 iu
675 3043 794 3116 populo,
809 3045 832 3100 si
846 3043 1011 3101 convenien·
1043 3041 1133 3098 dinem
1151 3040 1329 3115 abrogantem
1345 3041 1434 3114 legem
1446 3040 1677 3100 ecclesiasticam.
1695 3043 1751 3098 lmo
1764 3042 1848 3099 etiam

205 3139 249 3190 ter
270 3131 443 3206 explicetur,
464 3139 493 3190 ιι
513 3133 641 3190 voluutas
661 3149 710 3206 per
729 3135 818 3205 ipsam
832 3132 1010 3191 consuetudi·
1045 3131 1072 3188 iu
1087 3131 1196 3190 leminis
1208 3147 1270 3190 esse
1284 3138 1387 3204 potest,
1397 3132 1419 3188 si
1433 3129 1467 3188 ad
1481 3131 1542 3190 illas
1556 3130 1629 3190 solas
1643 3131 1778 3206 dirigatur
1791 3131 1847 3204 lex,

204 3237 269 3279 nem
280 3221 461 3304 ¹sullicienter
480 3219 653 3295 ostenditur3
675 3238 742 3296 ergo
757 3222 823 3281 nihii
838 3223 928 3299 deest,
940 3239 1011 3300 qun·
1044 3226 1077 3278 ιιι
1086 3219 1289 3306 depraecepto
1303 3221 1360 3278 lato
1371 3219 1404 3278 de
1417 3220 1550 3279 clausura
1560 3222 1730 3294 monialium,
1743 3223 1769 3278 iu
1783 3236 1847 3293 cap.

206 3311 296 3368 miuus
312 3326 360 3384 per
373 3311 602 3370 consuetudinem
617 3311 678 3369 talis
691 3315 807 3371 ellectus
820 3315 876 3371 liat.
1046 3310 1120 3367 unic.
1133 3309 1167 3367 de
1181 3317 1248 3368 stat.
1261 3309 1350 3384 regul.
1364 3311 1389 3366 in
1405 3314 1432 3369 6.
1448 3317 1576 3369 auctores
1594 3311 1706 3369 doceat.
1722 3311 1759 3368 Et
1778 3311 1849 3368 ratic

218 3427 221 3432 ·
247 3405 275 3459 e.
292 3403 328 3458 Et
347 3401 374 3458 in
394 3401 500 3474 primis,
521 3401 597 3475 quod
611 3401 645 3459 ad
660 3409 823 3474 potestatem
838 3403 951 3474 attinet,
965 3417 1011 3462 res
1043 3407 1102 3470 est,
1120 3401 1185 3474 qaia
1199 3399 1372 3458 consuetudo
1387 3400 1471 3474 baec,
1485 3407 1519 3458 ιιι
1531 3407 1575 3458 εει
1586 3416 1619 3458 ει
1633 3407 1712 3472 parte
1727 3397 1850 3458 subdito·

205 3501 248 3548 est
268 3488 344 3548 clara
367 3489 460 3563 quoad
480 3489 554 3564 leges
574 3489 668 3548 civiles
682 3493 711 3548 ln
726 3490 834 3564 populis
849 3491 942 3549 liberis
956 3508 1010 3549 non
1045 3504 1124 3563 rum,
1139 3505 1192 3547 non
1213 3490 1284 3547 tollit
1296 3488 1384 3564 legem
1405 3491 1484 3563 quasi
1502 3490 1608 3560 active,
1624 3489 1673 3546 sed
1694 3505 1746 3546 suo
1765 3485 1848 3546 mado

204 3578 469 3654 recognoscentibus
495 3579 686 3652 superiorem,
706 3586 739 3638 ut
757 3585 868 3638 constat
886 3597 920 3652 es
933 3581 1011 3639 dictis
1044 3580 1143 3652 erigit,
1163 3585 1191 3638 et
1204 3577 1310 3637 obtinet
1323 3594 1339 3635 a
1354 3581 1513 3652 superiore,
1528 3584 1560 3637 ut
1573 3578 1646 3637 illam
1661 3577 1787 3651 auferat,
1803 3592 1851 3634 su-

207 3671 234 3726 in
252 3686 313 3743 cap.
329 3669 403 3741 litu
427 3684 489 3726 nam
515 3669 610 3727 eadem
631 3665 676 3726 hlc
696 3677 740 3726 eet
761 3670 841 3728 ratio.
857 3669 1012 3729 Difficultas
1048 3672 1139 3745 perior
1163 3675 1257 3727 autem
1277 3675 1443 3742 potestatem
1462 3667 1561 3742 habet,
1583 3673 1616 3728 ut
1634 3667 1701 3726 diri.
1717 3665 1851 3726 Voluntas

210 3774 275 3816 vero
294 3766 338 3816 est
358 3757 453 3831 quoad
473 3758 548 3832 leges
562 3759 724 3816 canonicae.
738 3760 813 3826 Quae
826 3758 938 3818 duabus
953 3775 1012 3817 mo·
1047 3775 1113 3835 ergo
1130 3764 1237 3817 tautum
1251 3763 1378 3831 superest
1390 3755 1563 3831 explicando.

208 3848 250 3906 dis
269 3846 386 3922 expedirj
412 3852 515 3920 potest.
530 3847 621 3906 Primo
641 3846 777 3920 diceudo,
800 3848 850 3906 inas
868 3847 943 3923 leges
958 3865 1013 3907 non
1088 3855 1116 3908 5.
1133 3848 1237 3921 Duplex
1252 3853 1345 3906 numm
1358 3848 1485 3906 voluutas
1499 3845 1682 3921 desideratur,
1696 3862 1750 3904 uua
1764 3861 1852 3922 popu·

207 3936 271 3996 ierri
291 3937 429 4008 absolute,
455 3936 504 3994 sed
524 3935 577 3994 sub
598 3936 753 3995 conditione
772 3940 868 4010 tacita,
885 3938 908 3995 si
923 3953 1014 4012 popu·
1047 3938 1080 4010 li,
1095 3937 1185 3996 altera
1198 3937 1426 4010 principis.l>rior
1440 3938 1505 3996 satis
1520 3941 1638 4010 εειιειιιι
1657 3953 1720 3995 nam
1734 3931 1852 3996 cousue'·

207 4027 251 4085 lus
270 4043 317 4084 eas
337 4029 455 4084 retinere
476 4026 559 4099 reiitq
582 4027 638 4084 sire
659 4026 720 4085 talis
745 4026 866 4087 conditio
889 4030 1013 4101 apposita
1046 4027 1115 4086 tuda
1134 4033 1179 4085 εει
1199 4028 1312 4100 signum
1326 4025 1476 4085 voluntarii
1496 4042 1663 4086 consensus.
1680 4029 1853 4101 supponitur

210 4115 392 4190 intelligatur,
407 4115 472 4190 quia
491 4131 545 4172 nou
560 4122 651 4189 potest
664 4117 791 4191 princeps
807 4119 895 4192 magis
910 4135 1012 4193 eogere
1047 4122 1140 4176 autem
1152 4132 1187 4175 ει
1204 4132 1291 4190 supro
1304 4115 1404 4189 dictis,
1421 4116 1492 4174 banc
1507 4115 1736 4176 consuetudinem
1750 4109 1851 4176 debers

208 4204 325 4279 populos
348 4221 414 4262 suos
434 4206 491 4261 suis
506 4203 627 4279 legibus,
650 4213 681 4262 ut
699 4206 783 4279 aliqui
794 4209 948 4267 existimant
960 4208 1015 4266 sal·
1047 4222 1109 4266 esse
1122 4205 1272 4279 publicam,
1292 4212 1319 4264 et
1332 4223 1349 4264 a
1362 4206 1456 4263 maiori
1467 4213 1545 4279 parte
1557 4206 1652 4280 populi
1665 4205 1852 4278 introductam

209 4299 264 4352 tem
284 4294 317 4352 de
339 4293 540 4368 legislatoribus
560 4295 698 4370 civilibus3
714 4296 772 4353 sive
785 4313 820 4355 er
834 4297 1010 4373 benignitate,
1047 4296 1091 4354 rel
1106 4302 1290 4369 acceptatam.
1303 4296 1377 4369 Ergo
1390 4302 1432 4352 est
1445 4295 1587 4353 sufficiens
1601 4296 1711 4369 signum
1727 4294 1853 4354 volunta·

208 4385 273 4460 quia
292 4400 348 4441 non
373 4383 433 4442 vult
453 4382 513 4441 illos
527 4383 665 4460 obligare,
682 4385 733 4443 nisi
748 4386 800 4444 sub
814 4386 861 4445 illa
874 4388 1012 4447 limitatio·
1047 4386 1079 4445 rii
1092 4399 1259 4458 consensus,
1282 4383 1359 4442 iusta
1377 4385 1450 4442 diota
1468 4373 1607 4457 superiusss
1624 4387 1681 4444 imo
1702 4384 1747 4442 bic
1766 4385 1853 4443 maior

209 4490 259 4545 ne,
282 4479 313 4531 ut
339 4473 420 4532 multi
440 4474 521 4532 etiam
544 4473 578 4531 de
602 4476 741 4533 canonicis
757 4475 862 4550 legibus
877 4479 1010 4537 sentiunt.
1047 4478 1117 4534 ratio
1136 4474 1289 4550 iuvenitur,
1305 4475 1371 4548 quia
1385 4474 1529 4549 voluntas,
1545 4491 1616 4550 quae
1631 4473 1783 4549 indicatur,
1798 4489 1855 4532 aon

209 4563 244 4622 Et
258 4563 335 4621 iuxta
349 4561 425 4620 bunc
441 4563 554 4620 morium
569 4571 772 4638 consequenter
785 4565 934 4627 dicendum
947 4568 1011 4640 erit,
1047 4575 1090 4626 εει
1109 4564 1236 4624 voluntas
1257 4579 1286 4622 se
1303 4564 1456 4640 obligandi,
1473 4564 1514 4624 sel
1527 4564 1685 4624 assumendi
1700 4582 1787 4639 onus,
1802 4563 1853 4622 sed

209 4667 262 4708 noa
283 4667 346 4709 esse
367 4655 557 4734 pecessarium
577 4669 682 4711 noram
702 4671 870 4716 consensum
897 4657 1014 4716 tacitum
1047 4654 1170 4714 tollendi.
1187 4655 1264 4715 Unde
1278 4657 1307 4713 in
1325 4657 1463 4728 praesenti
1476 4673 1531 4713 non
1544 4663 1588 4714 εει
1601 4657 1855 4715 necessariainten·

212 4743 341 4816 principis
359 4742 393 4799 ad
417 4743 488 4800 hanc
509 4743 732 4820 abrogationem,
754 4746 843 4804 sedin
858 4749 1013 4821 ipso'modo
1052 4748 1089 4804 tio
1110 4745 1257 4804 inducendi
1277 4761 1376 4804 novam
1394 4746 1622 4805 consuetudinem
1642 4748 1729 4822 laris,
1750 4746 1799 4806 sed
1811 4763 1856 4806 so·

211 4833 313 4892 lerendi
333 4831 422 4907 legem
435 4833 551 4891 includi.
566 4833 619 4892 Sed
633 4833 707 4891 hune
721 4834 830 4893 dicendi
844 4838 955 4896 modum
970 4855 1013 4897 re·
1048 4836 1106 4894 lum
1119 4853 1174 4895 non
1195 4836 1311 4894 habendi
1325 4837 1405 4895 talem
1420 4838 1522 4912 legem,
1538 4845 1565 4894 et
1582 4837 1733 4913 retinendi,
1753 4838 1795 4895 rel
1810 4852 1855 4896 re·

211 4922 324 4982 ieeimus
344 4939 428 4996 supra
445 4922 493 4980 lib.
509 4924 555 4998 ill,
570 4939 599 4980 c.
613 4924 707 4997 livill,
727 4932 756 4983 et
773 4925 820 4983 lib.
838 4928 883 5002 ill,
899 4945 925 4986 c.
941 4929 1012 5000 xvi,
1049 4926 1198 4999 superandi
1220 4933 1324 4986 statum
1346 4927 1506 5002 antiquum,
1526 4925 1642 4984 habendi
1655 4926 1805 4985 libertatern
1820 4926 1854 4985 ab

211 5016 277 5089 quia
294 5030 324 5072 re
344 5030 409 5072 vera
430 5029 481 5078 nec
502 5019 621 5086 potestas
636 5001 771 5090 obligandi
785 5017 911 5076 absolute
925 5018 1012 5093 deest,
1048 5009 1211 5092 obligatione
1226 5017 1295 5092 legis
1308 5017 1335 5074 in
1349 5016 1395 5076 tali
1409 5018 1532 5090 materia;
1541 5031 1611 5091 quae
1624 5019 1739 5075 intentio
1751 5033 1785 5075 ex
1795 5019 1856 5091 ipsa

211 5105 293 5162 etlam
316 5104 342 5160 in
362 5102 559 5176 temporalibus
575 5103 702 5178 regibus,
725 5121 776 5164 nec
792 5107 919 5166 voluntas
932 5109 1013 5168 etiam
1049 5114 1164 5166 actuum
1177 5107 1348 5182 frequentia,
1359 5112 1387 5163 ει
1399 5120 1432 5164 ex
1447 5107 1643 5182 consensione,
1658 5123 1692 5164 ac
1705 5107 1856 5181 pertinacia

212 5192 238 5250 in
254 5191 380 5266 praelatis
401 5191 690 5262 ecclesiasticis.Quod
705 5210 737 5252 ex
752 5197 856 5252 ratione
869 5203 898 5254 et
912 5214 965 5256 usu
979 5197 1016 5256 ibi
1049 5197 1144 5274 populi
1159 5199 1185 5255 in
1204 5197 1302 5255 talibus
1316 5195 1424 5254 actibus
1438 5197 1505 5253 satis
1524 5198 1714 5272 cognoscitur.

212 5283 381 5341 ostendimus
402 5281 492 5356 quoad
513 5281 580 5356 legis
601 5285 836 5357 acceptationem:
862 5291 906 5346 est
918 5294 1012 5346 autem
1090 5293 1117 5348 6.
1134 5287 1230 5348 Solum
1248 5286 1345 5362 rideo,
1360 5302 1441 5364 posse
1453 5285 1572 5346 dubitari
1587 5287 1621 5347 ds
1642 5287 1746 5364 legibus
1760 5288 1853 5350 eccle·
1964 5259 1967 5266 Ι

291 5391 670 5448 ειιιειι.ιιειιιιιιιε-Ριιιιι.
1637 5398 1662 5446 pq
