4256 6224
852 323 1019 378 CAPUTlv.
1272 371 1275 378 .
1654 319 1717 380 535

111 458 247 530 lapideam
261 459 531 518 tabulamllsislimo
541 465 629 516 tomen
640 472 763 514 errorem
775 456 932 526 irrepsisse·
956 453 990 510 ab
1005 453 1131 510 omnibus
1148 453 1373 528 distinguuntur3
1386 469 1453 528 ergo
1465 464 1531 514 sunt
1542 457 1666 514 consilia.
1679 460 1758 514 Patet

109 550 136 604 in
152 557 240 606 texln.
256 553 325 608 Nam
339 555 447 606 constat
461 549 549 607 Exod.
563 555 616 621 25,
632 549 717 605 tuisse
732 545 852 603 tabulam
867 559 917 600 au·
956 545 1166 616 consequentia,
1183 545 1246 617 quia
1262 560 1314 601 non
1327 551 1415 617 potest
1429 547 1542 620 cogitari
1556 546 1674 604 medium
1686 549 1757 604 inter

109 653 204 707 ream,
221 639 296 710 quod
310 638 337 696 d.
349 639 444 696 Thom.
458 656 512 696 non
528 639 682 712 ignorarit,
698 635 745 693 sed
760 635 785 691 id
806 634 918 705 scripsit
957 633 1001 688 illo
1015 632 1091 698 diro,
1108 639 1136 689 et
1150 635 1214 705 quia
1228 651 1278 690 vox
1294 634 1474 691 nrondotom
1489 637 1626 694 interdum
1639 638 1677 694 ila
1687 639 1759 693 accis

110 727 145 782 ad
162 727 244 784 llebr.
258 732 285 793 9,
301 727 365 786 Ιιιι.
379 733 406 786 2.
422 729 554 795 Quartum
576 733 660 800 caput
673 727 798 782 continet
824 723 918 779 obser·
957 722 1048 793 pitur,
1065 727 1095 778 ut
1117 725 1211 780 notavi
1232 726 1253 779 t.
1271 730 1337 779 tom.
1355 729 1381 782 3.
1400 732 1470 797 part.
1488 725 1558 799 disp.
1575 731 1626 798 49,
1642 734 1710 783 sect.
1732 729 1757 799 l,

110 820 218 875 vantiaa
240 819 393 890 peculiares
413 816 486 874 illius
508 804 618 890 populi,
640 823 671 872 ut
691 821 766 871 erant
789 811 932 884 specialia
957 817 985 868 et
1000 816 1026 868 3.
1044 813 1078 867 ht
1096 811 1158 868 huic
1170 813 1331 885 expositioni
1345 821 1372 870 et
1387 818 1536 872 sententiae
1549 816 1655 874 videtur
1670 818 1759 873 lasere

110 906 283 980 ieiunia,cibi
300 908 476 980 prohibiti,et
490 906 597 978 similia,
610 905 643 962 de
657 905 757 978 quibus
770 903 853 960 videri
872 917 920 973 po·
956 900 983 956 d.
998 899 1115 956 Thomas
1131 904 1155 972 l,
1169 906 1198 974 2,
1213 917 1240 974 q.
1259 905 1305 974 99,
1319 910 1371 959 ιιι.
1388 909 1413 960 ιι.
1430 906 1518 962 Sentit
1531 907 1603 962 enim
1617 923 1649 962 ea
1663 907 1758 963 vocari

110 1001 169 1052 rest
182 1011 267 1067 supra
283 1002 334 1054 ιιι,
350 1001 376 1054 fi,
956 988 1064 1045 madata
1083 990 1109 1044 iu
1137 989 1183 1046 illa
1201 990 1276 1063 lege:
1302 994 1387 1066 Quae
1405 999 1491 1050 erant
1510 1002 1687 1071 praecepto,
1711 995 1757 1052 nel

152 1089 200 1141 25.
217 1084 299 1141 Simili
319 1084 399 1142 modo
413 1085 499 1141 altera
513 1099 577 1157 pars
598 1082 670 1140 illius
685 1082 833 1150 materiae,
850 1094 921 1153 quae
954 1079 1118 1155 prohibito,
1143 1096 1202 1136 non
1215 1086 1249 1136 ιιι
1259 1080 1435 1156 simpliciter
1447 1083 1561 1152 debito,
1576 1084 1627 1142 sed
1638 1090 1758 1160 propter

113 1174 266 1247 iudicialis,
281 1175 323 1231 rel
338 1175 415 1247 quasi
434 1174 542 1246 politica
556 1173 610 1230 dici
624 1179 731 1244 polest,
747 1170 782 1227 od
797 1177 921 1243 quatuor
957 1169 1074 1226 melius.
1085 1172 1395 1244 bequibusnit,oocori
1405 1172 1564 1241 mandare,
1574 1179 1759 1248 qrtioqoom-

113 1267 198 1322 etiam
218 1265 308 1335 capita
326 1269 524 1321 revocaturos
541 1262 569 1318 d.
586 1261 689 1318 Thomu
708 1275 808 1331 supra,
823 1266 850 1314 et
864 1258 920 1315 lere
957 1258 1030 1316 dom
1045 1259 1249 1318 inductionem
1260 1262 1759 1338 boemiaemrscosiooensiamu-

115 1362 174 1411 tota
189 1355 349 1427 quaestione
366 1357 428 1412 llll.
442 1353 580 1420 Quaedam
594 1355 665 1408 enim
681 1353 754 1424 leges
769 1349 922 1406 coustitue-
957 1347 1034 1405 ducit
1054 1351 1164 1406 lllcron.
1194 1351 1218 1405 in
1238 1351 1370 1406 Prooenriu
1390 1352 1423 1409 ad
1438 1355 1574 1424 llarcum,
1591 1353 1759 1428 distinguen-

114 1443 182 1500 hant
198 1442 320 1498 ordinem
333 1442 578 1498 servandumiuter
590 1444 738 1514 principem
750 1448 778 1496 et
790 1438 921 1512 populum
959 1447 1012 1496 tem
1031 1439 1194 1500 ¹mandatum
1214 1457 1229 1496 a
1250 1447 1407 1513 praecepto.
1422 1442 1498 1500 Unde
1520 1459 1583 1501 oum
1599 1443 1626 1500 d.
1642 1446 1760 1502 Thomas

116 1532 154 1588 ad
168 1534 298 1589 invicem.
314 1531 389 1588 Aliae
410 1531 566 1588 statuebant
580 1531 613 1587 de
631 1531 756 1587 moribus
777 1531 861 1585 totins
876 1545 923 1599 po·
958 1530 1035 1600 prius
1059 1529 1139 1585 dicit:
1156 1530 1228 1604 Hpec
1248 1529 1359 1596 eadem,
1376 1546 1445 1602 quoe
1466 1541 1602 1590 vocantur
1623 1536 1759 1607 mandata,

115 1623 226 1693 pulici
245 1620 418 1696 singulorum
433 1621 619 1679 membrorum
634 1623 705 1688 eius,
719 1621 810 1676 tamin
828 1618 922 1675 ordine
958 1619 1042 1676 luisse
1071 1627 1232 1690 praecepta,
1255 1621 1296 1676 uel
1318 1620 1464 1692 prohibita,
1483 1623 1535 1680 late
1555 1623 1760 1682 rideturutliis

116 1712 152 1768 ad
165 1713 402 1782 communitatem,
413 1697 496 1784 quam
508 1713 578 1768 inter
591 1726 631 1782 se,
644 1717 676 1767 ut
687 1711 710 1766 in
726 1708 843 1778 iudiciis,
858 1725 923 1765 con·
959 1708 1065 1780 verbis,
1084 1715 1220 1781 quatenus
1235 1709 1382 1766 includunt
1395 1724 1503 1767 omnem
1518 1712 1719 1784 inductionem,
1731 1721 1760 1772 et

116 1801 270 1872 tractibus,
285 1808 338 1859 eto.
356 1801 429 1858 Aliae
443 1800 577 1857 dabantur
592 1800 625 1856 de
640 1799 723 1856 rebus
738 1797 878 1856 servandis
895 1799 922 1853 in
959 1801 1180 1870 persuasionem3
1212 1799 1312 1870 alioqui
1340 1798 1466 1856 mandata
1489 1788 1668 1870 contunderet
1694 1821 1759 1862 cum

117 1891 234 1964 singulis
248 1891 372 1961 lamiliis,
389 1898 421 1947 ut
434 1892 507 1948 inter
520 1890 645 1947 dominos
659 1897 686 1946 et
701 1904 810 1959 servos,
827 1904 923 1960 paren·
959 1888 1113 1957 praeceptis
1135 1890 1161 1944 ln
1183 1887 1278 1944 iisdem
1298 1887 1402 1964 verbis,
1420 1890 1444 1946 in
1464 1892 1565 1963 quibus
1582 1893 1643 1949 vult
1661 1894 1706 1951 llla
1722 1894 1761 1951 di·

119 1988 162 2036 tes
177 1988 205 2036 et
220 1979 299 2052 lilios,
314 1981 404 2036 sirum
418 1987 447 2036 ιι
460 1995 584 2050 risorem3
599 1971 696 2036 ethuc
712 1977 872 2050 spectabant
887 1976 925 2033 le·
959 1977 1107 2049 stinguere.
1126 1979 1191 2033 ltem
1212 1992 1275 2033 cunr
1291 1981 1339 2046 ait,
1355 1993 1402 2050 ea,
1418 1995 1489 2052 quae
1505 1981 1684 2056 mandantur,
1702 1991 1762 2041 tan-

116 2085 169 2143 ges
190 2070 376 2140 matrimonii,
398 2068 473 2142 quod
488 2077 554 2126 tunc
568 2075 628 2125 erat
647 2074 809 2125 contractus
826 2067 927 2124 huma·
962 2073 1020 2123 tum
1037 2081 1098 2122 essa
1114 2066 1148 2122 ad
1162 2065 1258 2151 melius
1272 2082 1348 2138 esse,
1363 2068 1568 2141 intelligendum
1584 2070 1690 2128 videtur
1706 2089 1760 2131 non

118 2173 188 2228 nus,
204 2165 233 2215 st
251 2175 305 2216 oon
320 2161 528 2216 Sacramentum
551 2160 660 2230 proprie
674 2158 792 2228 dictum,
814 2164 842 2214 et
864 2156 925 2214 ideo
961 2154 1050 2212 solum
1072 2163 1134 2212 ante
1153 2156 1329 2226 mandatum,
1351 2156 1495 2215 sedetiam
1516 2167 1580 2231 post
1597 2160 1678 2230 illud3
1694 2162 1782 2220 alio·'

118 2255 270 2320 praecepta
285 2247 319 2305 od
338 2247 406 2305 illud
422 2251 571 2320 spectantia
591 2249 659 2304 inter
678 2247 815 2305 iudicialis
828 2264 925 2305 nume·
960 2245 1007 2317 qui
1022 2245 1076 2300 iam
1090 2243 1156 2300 illud
1170 2252 1243 2301 esset
1257 2247 1413 2319 rigorosum
1428 2257 1603 2322 praeceptum
1619 2267 1759 2310 caeremo-

117 2345 229 2394 rantur.
258 2339 380 2410 Denique
409 2337 534 2394 ultimum
560 2345 645 2409 caput
670 2338 825 2394 continebat
853 2339 926 2410 leges
962 2334 1046 2404 nials,
1063 2332 1104 2390 vel
1123 2333 1261 2406 iudiciale,
1283 2333 1445 2409 relinquitur
1466 2354 1547 2413 ergo,
1564 2349 1595 2398 ut
1616 2341 1668 2398 tale
1686 2359 1761 2400 man·

118 2427 286 2498 pertinentes
303 2426 337 2482 ad
351 2433 507 2498 extraneos,
527 2426 553 2482 id
566 2434 610 2482 est
623 2426 656 2482 ad
671 2427 800 2499 hospites,
817 2442 865 2483 seu
881 2442 927 2499 pe·
963 2421 1058 2479 datum
1074 2423 1109 2479 sit
1122 2422 1276 2480 consilium.

75 2583 84 2598 ι
118 2515 259 2588 regrinos,
274 2521 301 2572 et
319 2514 374 2572 huc
390 2515 551 2587 spectabant
564 2505 645 2588 ⁴leges
660 2516 693 2572 de
714 2516 785 2572 bello
804 2516 925 2589 lerendo,
1002 2515 1049 2572 27.
1066 2512 1117 2568 Sed
1133 2511 1197 2568 licet
1210 2511 1278 2568 baec
1291 2514 1414 2584 probatio
1429 2516 1575 2589 probabilis
1587 2523 1640 2594 sit,
1652 2539 1705 2580 non
1722 2531 1761 2580 ιιι·

118 2614 170 2662 aut
181 2604 292 2662 vitando
302 2621 367 2662 cunr
380 2606 479 2662 ceteris
491 2605 591 2663 exteris
606 2605 849 2676 nationibus,etde
860 2621 927 2662 con·
962 2617 1024 2659 meo
1038 2603 1126 2674 cogit,
1141 2603 1206 2673 quia
1220 2601 1371 2659 d.'lbomas
1385 2620 1439 2661 nou
1453 2609 1574 2678 persistit
1587 2610 1612 2666 in
1622 2611 1668 2668 illa
1678 2627 1763 2685 eapo-
1848 2597 1851 2604 ¹

118 2697 215 2769 iugiis,
238 2703 265 2751 et
289 2695 348 2751 aliis
370 2695 561 2752 contractibus
585 2698 708 2752 cumeis
728 2695 871 2766 ineundis,
892 2695 926 2751 de
961 2693 1072 2762 sitione,
1089 2689 1163 2748 addit
1182 2693 1271 2764 enim,
1286 2708 1333 2764 per
1355 2694 1482 2753 mandata
1503 2714 1584 2768 posse
1605 2700 1760 2776 intelligito

118 2785 222 2858 quibus
240 2784 324 2841 rideri
345 2789 435 2855 potest
448 2786 519 2842 llzor
539 2801 621 2858 supra
637 2801 653 2841 a
672 2799 733 2856 cap.
747 2789 775 2843 l.
789 2785 865 2842 Unde
889 2785 927 2840 la·
963 2782 1558 2856 locabeuteronomiiconlegesdatasabeo
1570 2792 1760 2866 perseipsum,
1823 2858 1828 2868 ι

119 2881 199 2930 ctum
214 2881 267 2946 est,
280 2881 312 2931 ut
325 2880 472 2945 praecepta
486 2873 560 2930 illius
575 2873 641 2948 legia
652 2876 678 2930 in
693 2890 792 2948 magno
812 2889 926 2931 numero
962 2871 1009 2928 sed
1028 2871 1105 2929 datas
1126 2888 1175 2945 per
1190 2871 1328 2943 homines,
1351 2879 1383 2931 ιιι
1401 2876 1521 2936 verbnm
1534 2883 1647 2954 ipsum,
1664 2883 1761 2958 inquit,

120 2962 303 3035 multiplicata
319 2962 436 3032 luerint,
451 2962 534 3019 luisse
548 2965 620 3020 enim
635 2970 777 3034 sexcenta,
792 2971 823 3022 ei
840 2965 926 3022 trede·
957 2960 1133 3036 praesefert.
1141 2963 1224 3019 Etlta
1235 2962 1261 3019 ia
1271 2963 1318 3020 illo
1331 2963 1392 3021 loco
1405 2975 1551 3040 praecepta
1563 2969 1692 3028 dicentur
1703 2979 1763 3030 tan·

120 3055 175 3112 eim
191 3053 259 3109 dixit
273 3050 406 3109 Guilielm.
421 3053 507 3110 Paris.
525 3052 570 3108 lib.
583 3051 707 3125 deiide,
725 3058 753 3109 ιι
766 3052 821 3127 lep.
837 3060 866 3110 et
885 3071 927 3110 se·
963 3061 1022 3111 tum
1035 3053 1130 3110 decem
1140 3053 1277 3125 becalogi,
1290 3055 1417 3112 mandata
1427 3072 1492 3114 aero
1500 3059 1550 3116 alia
1559 3061 1681 3132 moralia,
1691 3079 1762 3135 qnae

120 3143 216 3215 quitur
233 3142 489 3211 nbullleutemll,
501 3158 529 3214 q.
541 3146 550 3200 l
561 3181 568 3214 ,
581 3143 767 3216 etburgenin
777 3143 925 3200 serotini.
962 3157 1011 3214 per
1024 3142 1143 3216 ldoysem
1158 3141 1236 3212 dato,
1253 3143 1295 3200 rel
1309 3144 1443 3214 explicata
1455 3154 1534 3204 sunt:
1547 3164 1618 3222 quae
1629 3153 1762 3223 expositio

121 3250 149 3304 p.
167 3231 197 3287 d.
215 3238 246 3300 8,
265 3246 291 3288 o.
309 3236 342 3302 9,
357 3231 497 3288 Galatiuus
512 3239 604 3288 autem
626 3231 702 3288 aliter
722 3231 768 3289 illa
789 3239 926 3304 numerat,
962 3240 1005 3288 est
1019 3231 1174 3304 probabilis.
1191 3230 1249 3287 blla
1263 3233 1344 3288 etiam
1363 3249 1425 3290 esse
1445 3242 1551 3308 polest,
1573 3244 1606 3294 ut
1624 3255 1672 3310 per
1687 3257 1762 3298 man·
1793 3245 1798 3248 “

126 3319 203 3395 quod
217 3336 291 3377 nunc
305 3320 461 3393 expendere
475 3311 660 3378 necessarium
675 3337 728 3378 non
743 3327 795 3378 est.
962 3318 1026 3377 data
1047 3335 1101 3376 non
1116 3318 1305 3392 intelligantur
1319 3321 1392 3394 leges
1406 3322 1526 3398 divinoe,
1542 3327 1589 3383 sed
1605 3337 1760 3405 praecepta,

164 3414 212 3468 26.
228 3411 293 3467 bico
307 3416 423 3482 quarto:
441 3411 552 3466 llateria
567 3410 633 3484 legis
647 3413 747 3468 veteris
765 3411 927 3485 generaliter
963 3425 1033 3483 quae
1054 3424 1102 3480 per
1122 3409 1261 3482 homines,
1277 3411 1323 3468 bei
1343 3413 1496 3488 ministros,
1511 3415 1569 3473 dari
1590 3421 1772 3494 contingeret,

123 3505 235 3572 sumpta
251 3499 341 3571 aliqua
355 3498 618 3571 comprehendebat,
634 3516 705 3573 quae
718 3517 772 3558 non
791 3500 928 3558 cadebant
963 3503 1044 3556 omni
1059 3505 1195 3574 tempore,
1214 3507 1246 3556 ιιι
1258 3499 1294 3556 ιιι
1309 3500 1409 3558 dicitur
1419 3542 1427 3575 ,
1438 3510 1466 3561 et
1476 3505 1648 3564 adnumerari
1663 3516 1762 3582 potue·

123 3591 178 3646 sub
192 3589 314 3662 rigoroso
329 3594 489 3664 praecepto,
505 3589 553 3646 sed
568 3590 620 3647 sub
634 3590 760 3649 consilio.
776 3591 816 3649 hd
830 3590 929 3648 intelli·
964 3595 1029 3646 runt
1042 3603 1106 3644 cum
1122 3588 1226 3660 legibus
1237 3590 1297 3660 bei,
1309 3589 1373 3662 quia
1383 3590 1425 3648 lex
1436 3593 1494 3664 ipsa
1506 3591 1688 3668 praecipiebat
1697 3599 1762 3657 obe·

123 3678 241 3750 gandam
258 3678 327 3735 hanc
344 3678 520 3735 assertionem
535 3680 744 3752 supponendum
758 3689 811 3752 est,
828 3696 926 3758 nomen
962 3678 1019 3734 dire
1030 3677 1219 3751 Pontificibus,
1230 3683 1258 3736 ιι
1269 3679 1398 3735 ministris
1408 3682 1467 3738 liei.
1480 3683 1606 3758 Accedit,
1618 3687 1692 3759 quod
1708 3705 1761 3747 vox

126 3768 209 3840 legis,
225 3766 369 3824 collective
383 3774 540 3839 sumptum,
557 3769 707 3842 significare
721 3771 748 3826 in
764 3771 854 3842 rigore
870 3770 929 3826 ool·
962 3765 1143 3826 mandatum
1157 3783 1298 3842 nunquam
1318 3771 1427 3842 proprie
1446 3772 1582 3845 significat
1603 3777 1760 3852 consilium,

124 3857 267 3914 lectionem
294 3863 505 3928 praeceptorum
529 3855 563 3913 ad
591 3857 708 3930 aliquem
729 3865 849 3931 statum,
877 3874 928 3916 seu
963 3872 1051 3931 neque
1073 3859 1099 3914 in
1121 3857 1173 3915 hac
1194 3857 1388 3932 significatione
1407 3869 1540 3934 usurpata
1560 3867 1713 3925 invenietur
1735 3871 1762 3928 in

123 3949 348 4004 communitatem
371 3948 581 4018 pertinentium,
604 3947 742 4005 interdum
756 3965 821 4006 vcro
845 3948 928 4006 latius
963 3948 1119 4021 Scriptura.
1132 3950 1190 4004 lmo
1203 3955 1260 4004 tota
1271 3948 1313 4006 lex
1328 3956 1446 4008 vocatur
1456 3952 1630 4028 mandalum,
1642 3957 1758 4018 llalach.

124 4037 210 4106 sumi,
225 4043 255 4092 ut
268 4035 484 4107 comprehendat
494 4042 579 4094 totam
593 4036 711 4111 aliquem
724 4038 832 4097 vivendi
845 4043 930 4097 ratio·
965 4044 992 4109 2,
1008 4046 1035 4097 ιι
1049 4045 1105 4097 ιιιι
1121 4040 1164 4096 ιιι
1178 4047 1296 4108 vocatur
1309 4038 1352 4096 lex
1367 4040 1558 4102 mandatorum
1573 4045 1606 4102 ad
1618 4047 1717 4120 Ephes.
1731 4055 1759 4110 2.

123 4142 206 4198 nem,
222 4127 248 4182 in
266 4143 321 4199 qua
336 4127 424 4182 multa
436 4126 489 4182 alia
503 4134 611 4198 praeter
626 4135 772 4200 praecepta
787 4132 930 4187 contineo·
965 4129 1021 4186 Nec
1037 4129 1065 4186 d.
1077 4129 1236 4204 hieronym.
1249 4129 1276 4184 in
1287 4131 1369 4186 citato
1382 4130 1443 4188 loco
1454 4131 1594 4208 distinguit
1606 4137 1762 4198 mandatum

127 4225 186 4288 tur,
201 4223 230 4272 ut
246 4216 289 4272 lex
302 4216 460 4288 evangelica
477 4216 601 4274 absolute
611 4216 685 4275 diota
696 4220 929 4290 comprehendere
965 4235 981 4275 a
995 4226 1144 4291 praecepto
1156 4219 1181 4274 in
1193 4216 1239 4274 illo
1251 4233 1333 4274 sensu
1345 4260 1352 4290 ,
1365 4221 1428 4292 quia
1439 4223 1467 4277 in
1478 4224 1632 4297 exemplum
1643 4227 1764 4287 mandati

126 4305 229 4362 dieitur
256 4305 372 4363 consilia
391 4305 564 4379 evangelica,
585 4315 613 4364 et
637 4319 809 4366 sacramenta
829 4312 928 4382 omnia,
966 4308 1046 4365 allert
1058 4307 1141 4364 verbo
1155 4306 1269 4364 Christi:
1288 4307 1474 4368 Mandatum
1487 4329 1596 4371 nonum
1610 4312 1648 4371 do
1667 4317 1758 4385 cobis,

126 4396 253 4468 quamvis
268 4411 322 4452 non
336 4394 370 4452 de
384 4395 512 4452 omnibus
526 4403 673 4469 praecepta
687 4396 776 4454 divina
789 4397 851 4456 data
865 4401 928 4456 sint.
963 4404 997 4455 ιιι
1015 4396 1150 4470 diligatis
1170 4399 1313 4464 istoicem,
1332 4399 1406 4471 quod
1424 4407 1467 4458 est
1480 4402 1637 4476 rigorosum
1652 4422 1763 4479 praecc-

125 4484 276 4557 Loquendo
292 4501 359 4558 ergo
378 4484 430 4541 hoc
446 4486 592 4556 posteriori
613 4485 694 4543 modo
709 4485 742 4544 de
763 4487 820 4560 lege
834 4490 929 4563 veteri,
965 4488 1134 4562 ptum.Unde
1148 4489 1257 4543 nomine
1270 4489 1389 4546 mandati
1403 4489 1511 4550 videtur
1526 4493 1671 4568 inlelligere
1685 4514 1763 4570 prae-

125 4572 256 4645 dicimus,
270 4575 331 4631 eius
347 4577 486 4631 materiam
501 4574 608 4632 extendi
622 4575 746 4633 etiamad
761 4577 849 4651 aliqua
863 4595 929 4636 con·
965 4584 1081 4652 ceptum
1097 4575 1292 4633 affirmativum
1312 4576 1427 4635 lactendi
1445 4579 1557 4655 aliquod
1576 4583 1694 4660 bouum,
1715 4604 1763 4645 no-

126 4661 239 4720 sitistis
254 4663 362 4720 videtur
377 4679 457 4734 posse
471 4665 543 4720 sumi
557 4679 590 4720 ea
605 4663 650 4720 illo
665 4666 774 4721 beuter.
789 4670 835 4725 ll:
851 4675 931 4725 Ama
964 4684 1026 4724 men
1038 4680 1104 4722 vero
1116 4665 1253 4738 praecepti
1265 4668 1458 4726 accommodat
1469 4669 1502 4726 ad
1514 4674 1681 4749 negativum,
1691 4693 1762 4750 qua·

127 4757 291 4812 Βοηιιιιιιιιι
299 4757 398 4810 Deum
406 4759 499 4820 tuum,
509 4758 536 4810 ιι
547 4753 670 4812 chaerea
674 4761 837 4832 praecepto
851 4761 924 4824 eius,
965 4757 991 4815 le
1005 4761 1057 4823 est,
1075 4755 1179 4828 inquit,
1195 4752 1338 4813 divertere
1351 4773 1373 4813 o
1386 4757 1478 4815 ιιιιιιο.

126 4848 156 4900 ιι
175 4846 393 4910 coeremonias,
422 4841 550 4908 iudicia,
575 4849 663 4916 utqrce
685 4842 835 4903 mundata
849 4850 929 4903 omni
1002 4853 1050 4906 28.
1063 4845 1243 4903 Nihilominus
1257 4846 1465 4907 conclusionem
1477 4853 1592 4922 positam
1606 4869 1705 4914 censeo
1718 4871 1764 4914 re·

127 4938 274 5006 tempore,
295 4931 340 4989 ubi
363 4947 410 5005 per
427 4936 589 5006 praecepto
602 4933 792 5006 intelliguntur
806 4935 928 5008 moralia,
964 4952 1039 5010 rom,
1054 4943 1082 4994 et
1102 4937 1170 4993 satis
1191 4943 1403 4995 consentaneam
1424 4944 1507 4997 monti
1524 4942 1551 4998 d.
1567 4943 1696 5004 Thomas.
1713 4951 1764 5006 Po·

129 5028 160 5078 ut
175 5020 341 5092 supradixi,
356 5028 384 5077 et
399 5019 538 5077 adduntur
549 5021 599 5078 illis
611 5021 737 5079 munidato
749 5031 856 5096 praeter
867 5041 930 5082 cae·
966 5033 1072 5101 teslque
1086 5026 1240 5100 declarari,
1254 5033 1283 5084 et
1297 5029 1405 5100 probari
1424 5031 1582 5090 inductione
1602 5036 1721 5107 quadam
1735 5045 1779 5098 el.

127 5111 303 5169 remouisset
318 5109 561 5182 iudicimcrgoilla
575 5111 764 5170 mandatanon
776 5124 930 5188 suntprac·
964 5116 1219 5188 accommodatione
1240 5117 1274 5173 ad
1293 5116 1367 5176 dicta
1387 5121 1440 5176 tria
1460 5123 1581 5180 membra
1602 5136 1763 5200 praecepto·

130 5209 212 5277 cepta
232 5200 361 5272 moralia,
379 5200 606 5274 caeremonialia,
628 5207 675 5264 aut
694 5201 848 5280 iudicialis,
865 5205 929 5282 quia
963 5222 1036 5266 rum.
1053 5205 1119 5266 Nam
1130 5207 1157 5265 in
1171 5205 1264 5284 prioris
1279 5207 1305 5268 in
1319 5207 1364 5268 illa
1377 5207 1437 5288 lege
1453 5210 1700 5279 lueruntinstituta
1714 5217 1763 5282 ali·
