4284 6246
891 369 1063 422 casuras.
1680 343 1742 418 t'l‘l

134 493 293 565 praecepti,
313 491 361 550 sed
388 493 492 551 lactum
514 498 625 566 propter
643 494 786 554 utilitatem
806 493 832 551 in
852 494 945 554 ordine
982 497 1096 570 vulgare
1115 494 1272 569 exemplum
1292 495 1317 552 in
1339 495 1398 569 tege
1418 495 1573 569 imponente
1593 495 1728 553 tributum
1749 494 1784 552 ad
1857 549 1860 559 ,

134 577 171 636 ed
187 581 309 655 aliquem
323 581 404 640 bnem
417 584 613 641 extrinsecum.
981 593 1089 643 certum
1105 601 1186 658 opus,
1200 585 1241 642 sel
1256 586 1346 656 finem,
1358 600 1415 659 quo
1429 586 1507 664 linitq
1517 584 1559 642 lea
1575 600 1624 658 per
1638 601 1667 642 se
1681 590 1783 658 cessat,

175 673 203 728 6.
221 672 288 730 Dico
302 688 368 744 ergo
389 673 491 745 primo:
507 675 561 730 bes
576 674 745 747 praecipiens
761 679 852 732 actum
868 673 902 732 de
916 689 945 731 se
980 679 1045 749 quia
1057 683 1124 733 ωηο
1135 693 1189 734 ηοη
1202 675 1291 733 ηοΙωη
1303 676 1474 748 negative,et
1484 675 1566 732 etiam
1576 675 1712 732 contrarie
1725 690 1785 731 ces·

134 759 260 831 bunum,
276 762 469 819 constituendo
484 761 559 818 illum
575 763 722 820 intrinsece
736 765 762 819 in
778 763 871 837 aliqua
890 780 946 820 ma·
982 774 1025 823 sat
1035 767 1103 823 ratio
1116 764 1260 838 legis,quia
1271 781 1304 821 ex
1317 772 1383 822 tunc
1398 765 1493 837 incipit
1503 764 1635 822 tributum
1644 763 1711 820 illud
1723 778 1785 820 esse

133 849 205 905 teria
217 851 338 922 virtutis,
348 866 401 908 non
412 853 504 909 c'essat
516 851 658 910 deliciante
671 855 862 911 uniuersaliter
873 869 947 926 quo·
981 857 1124 912 iniustum.
1141 855 1256 924 Quando
1271 871 1337 912 vero
1352 870 1405 912 ηοη
1428 861 1520 912 cessat
1534 837 1781 926 intrinsecusfinis,

133 939 260 1012 cumque
275 941 327 997 line
348 941 502 999 extrinsece
523 942 604 1014 legis,
622 944 727 1000 etiamsi
741 944 765 1000 in
785 944 830 1000 illo
846 959 944 1016 genere
980 945 1043 1002 licet
1055 945 1200 1002 extrinseci
1216 952 1335 1016 cessent,
1351 944 1423 1002 sicut
1437 961 1490 1002 non
1511 951 1603 1002 cessat
1616 943 1658 1002 lex
1672 945 1730 1016 ipso
1744 944 1786 1001 la·

133 1027 221 1085 luerit
240 1028 413 1102 adaequatus
434 1037 562 1103 respectu
592 1033 747 1090 intentionis
769 1035 942 1108 legislatoris,
980 1043 1038 1107 cto,
1054 1036 1090 1092 ita
1112 1051 1202 1108 neque
1215 1035 1401 1092 necessarium
1422 1041 1475 1108 est,
1491 1041 1523 1092 ut
1537 1033 1636 1091 debeat
1649 1049 1697 1107 per
1712 1035 1784 1105 priu-

133 1124 162 1174 et
183 1118 304 1174 tortasse
325 1119 361 1175 ita
382 1125 533 1192 spectatus,
550 1121 626 1194 quod
646 1123 705 1178 sine
719 1123 764 1180 illo
786 1122 872 1196 legem
891 1139 943 1180 non
980 1124 1068 1196 cipem
1084 1123 1220 1196 abrogari.
1236 1126 1304 1192 Quia
1325 1125 1454 1181 materiae
1469 1123 1598 1181 honestas
1617 1129 1783 1195 potestesse

131 1209 255 1265 tulisset.
275 1208 413 1265 Probatur
423 1209 535 1266 'ratione
557 1210 630 1267 lacta
651 1227 701 1284 pro
722 1214 846 1284 opinione
871 1215 941 1287 Soti,
956 1285 960 1290 .
979 1213 1121 1272 sufficiens
1136 1213 1170 1270 ad
1184 1214 1394 1271 sustentandam
1408 1213 1507 1286 legem,
1520 1212 1570 1268 uisi
1584 1211 1693 1271 aliunde
1708 1213 1784 1270 tieret

133 1301 200 1370 quia
217 1304 345 1355 cessante
359 1299 432 1356 omni
446 1300 498 1356 line
518 1300 686 1375 extrinseco,
702 1304 815 1358 materia
834 1302 893 1360 talis
906 1301 945 1359 le·
978 1302 1022 1361 lex
1035 1304 1129 1360 nociva
1143 1303 1320 1376 reipublicae,
1337 1305 1378 1360 vel
1392 1302 1576 1375 intolerabilis3
1589 1318 1653 1359 nam
1667 1308 1733 1358 tunc
1747 1317 1782 1360 ex

132 1389 176 1461 gis
195 1397 290 1445 menet
303 1405 353 1460 per
366 1401 395 1445 se
409 1387 533 1459 honesta,
548 1396 576 1447 et
594 1406 681 1462 capax
695 1391 760 1462 legis
775 1397 886 1462 propter
899 1407 943 1447 so·
978 1392 1032 1450 alio
1043 1395 1132 1465 capite
1144 1399 1238 1464 posset
1250 1407 1310 1449 esse
1322 1393 1451 1466 obligatio
1462 1391 1608 1450 revocandi
1620 1391 1718 1465 legem,
1728 1393 1782 1450 imo

132 1477 192 1534 lum
206 1479 389 1536 intrinsecum
400 1481 492 1549 linem,
504 1478 531 1535 id
545 1487 588 1537 est
600 1489 712 1554 propter
722 1481 892 1538 honestatem
904 1487 944 1537 ta·
977 1482 1057 1538 etiam
1072 1488 1166 1554 posset
1177 1482 1218 1538 lex
1235 1497 1282 1554 per
1297 1499 1327 1538 se
1341 1477 1464 1550 cessare,
1477 1484 1499 1538 si
1515 1486 1726 1550 nocumentum,
1739 1480 1782 1537 vel

131 1565 164 1622 lis
183 1577 278 1640 actus3
291 1576 319 1625 et
333 1568 378 1626 hic
393 1569 451 1625 bnis
467 1570 633 1627 intrinsecus
648 1587 756 1644 semper
765 1578 809 1628 est
822 1571 942 1628 intentus
978 1587 1124 1643 gravamen
1139 1577 1212 1628 esset
1227 1572 1354 1644 generale
1368 1577 1395 1626 et
1414 1573 1542 1642 nimium,
1565 1572 1629 1644 quia
1644 1577 1710 1626 tunc
1727 1585 1781 1626 ηοη

131 1674 148 1715 a
168 1658 340 1731 legislatore,
355 1655 578 1732 quandoquidem
601 1661 626 1716 iu
647 1661 693 1718 tali
710 1676 811 1735 genere
834 1660 942 1718 virtutis
977 1667 1050 1717 esset
1068 1664 1185 1719 cessatio
1199 1660 1323 1734 negativa
1334 1659 1382 1716 sed
1398 1662 1547 1731 contraria,
1558 1666 1590 1715 ut
1604 1664 1723 1716 constat.
1735 1658 1782 1716 Ul·
1825 1705 1833 1710 .

131 1749 279 1805 constituit
296 1749 496 1812 necessitatem,
510 1754 538 1805 et
552 1747 669 1806 medium
681 1751 753 1808 illius
768 1759 858 1823 actus3
874 1767 942 1825 ergo
979 1751 1042 1807 timo
1057 1757 1147 1808 mmeu
1167 1750 1280 1807 adverto
1296 1751 1372 1807 circa
1386 1749 1456 1806 banc
1470 1749 1661 1820 assertionem,
1677 1763 1781 1806 sermo-

131 1847 262 1896 eessante
285 1851 463 1912 quocumque
486 1840 537 1896 line
558 1840 718 1912 intrinseco,
735 1840 817 1898 babet
834 1841 877 1899 lea
897 1837 943 1898 illu
978 1855 1040 1898 nem
1054 1857 1114 1898 esse
1129 1841 1161 1898 de
1176 1843 1286 1913 propria
1300 1840 1375 1914 lege3
1392 1856 1454 1897 nam
1469 1841 1490 1896 si
1505 1841 1541 1896 sit
1555 1854 1645 1896 sermo
1655 1838 1689 1895 de
1703 1854 1782 1910 prae·

132 1913 208 1985 unde
220 1929 393 1986 sufficienter
407 1928 622 2002 subsistat3ergo
636 1946 690 1987 non
704 1930 897 1988 evacuabitur.
907 1932 942 1988 Et
977 1936 1058 2002 cepto
1072 1931 1106 1988 ab
1120 1930 1240 2000 bomine,
1252 1936 1280 1987 et
1292 1945 1325 1988 es
1336 1928 1395 1986 sola
1406 1929 1569 2000 obedientia,
1581 1929 1621 1985 sic
1633 1929 1688 1985 lieri
1700 1943 1781 2000 saepe

130 2019 331 2091 confirmatur,
348 2034 425 2088 nam,
441 2019 463 2074 si
479 2025 580 2076 attente
596 2036 639 2077 res
653 2021 861 2090 consideretur,
877 2007 957 2080 tunc'
978 2027 1078 2093 potest,
1095 2028 1127 2078 ut
1140 2025 1265 2076 cessante
1279 2020 1346 2091 fine,
1362 2019 1405 2075 rel
1420 2033 1505 2076 causa
1519 2017 1674 2091 praecepti,
1689 2021 1781 2086 cesset

130 2105 186 2166 non
210 2115 303 2165 cessat
322 2123 408 2164 causa
426 2107 578 2182 adaequata
604 2110 693 2183 legis;
715 2126 785 2196 namq
801 2111 941 2183 potissima
978 2110 1105 2182 obligatio
1118 2110 1194 2181 eius,
1210 2110 1315 2166 etiamsi
1330 2113 1412 2167 actus
1426 2115 1591 2180 praeceptus
1606 2107 1640 2164 sit
1659 2106 1726 2164 alias
1741 2107 1782 2163 in·

130 2215 221 2256 causa
238 2199 298 2254 linis
309 2205 339 2255 et
350 2199 422 2256 ratio
436 2200 515 2272 quasi
528 2199 652 2272 proxima
668 2199 740 2258 illius
756 2199 823 2274 legis
837 2207 879 2257 est
894 2201 942 2258 bo·
979 2201 1096 2256 trinsece
1110 2200 1254 2271 honestus,
1279 2207 1310 2257 ut
1324 2199 1464 2270 ieiunium,
1477 2199 1519 2256 vel
1533 2197 1635 2256 oratio:
1654 2204 1686 2253 ut
1699 2198 1722 2254 si
1735 2211 1782 2253 su·

131 2295 230 2347 nestas
246 2295 347 2360 actus3
363 2304 429 2361 ergo
444 2296 566 2360 nonest,
582 2305 634 2346 cur
648 2295 739 2346 cessat
752 2289 803 2346 lex.
820 2291 942 2364 benique
978 2291 1067 2362 perior
1089 2290 1237 2363 praecipiat
1257 2291 1378 2347 ieiunare
1397 2289 1482 2346 semel
1496 2289 1523 2344 in
1541 2286 1712 2345 hebdomada
1727 2285 1781 2344 boc

131 2377 268 2452 quamdiu
288 2377 370 2434 durat
390 2377 503 2434 materia
517 2385 664 2452 praecepta
684 2395 749 2436 cum
764 2394 815 2435 sua
840 2380 943 2437 ratione
978 2395 1090 2450 mense,
1106 2379 1128 2436 si
1142 2385 1264 2450 cunstat,
1280 2385 1458 2451 praeceptum
1478 2379 1578 2449 imponi
1594 2383 1706 2450 prepter
1719 2391 1781 2447 spe-

131 2467 252 2536 lormali,
264 2474 355 2525 manet
367 2467 492 2540 obligatio
503 2469 943 2540 praecepti.Quia,utd.'lbomas
978 2469 1075 2527 cialem
1100 2471 1308 2540 necessitatem,
1331 2469 1372 2525 vel
1393 2469 1582 2538 occasionem,
1605 2475 1634 2524 et
1657 2467 1701 2524 illa
1720 2471 1781 2523 ante

133 2556 248 2614 tradidit
268 2561 291 2617 l.
305 2563 334 2628 t,
356 2572 384 2631 q.
406 2562 469 2630 100,
491 2563 543 2614 art.
560 2562 588 2616 9.
604 2557 638 2615 ad
660 2563 689 2630 2,
705 2557 776 2615 aliud
797 2567 851 2630 est,
867 2559 941 2634 quod
979 2575 1101 2617 anensem
1121 2560 1227 2629 linitur,
1250 2557 1424 2631 intelligimus
1445 2573 1570 2615 cessasse
1589 2563 1779 2629 praeceptum.

130 2647 274 2720 legislator
290 2645 405 2705 intendit
417 2651 591 2720 praecipere,
607 2649 696 2720 aliud,
713 2647 746 2706 ad
760 2649 836 2723 quod
852 2649 941 2707 intem
978 2651 1046 2718 Quia
1059 2656 1188 2720 respectu
1200 2647 1271 2705 illins
1286 2647 1428 2720 praecepti
1441 2653 1497 2704 tota
1511 2648 1581 2703 ratio
1596 2644 1781 2718 praecipiendi

132 2736 364 2809 dit'prseciper03
381 2737 452 2795 unde
467 2738 540 2795 sicut
554 2743 731 2810 praeceptum
746 2737 779 2796 de
793 2754 823 2795 se
838 2739 944 2814 obligat
977 2745 1019 2796 est
1033 2739 1091 2796 finis
1111 2741 1297 2811 extrinsecus,
1312 2754 1366 2794 non
1382 2739 1537 2795 extrinseca
1554 2737 1700 2808 honestas,
1716 2735 1782 2798 licet

132 2826 166 2883 ad
188 2828 321 2900 primum,
341 2835 369 2884 et
389 2844 444 2884 non
463 2826 497 2883 ad
518 2828 684 2898 secundum,
700 2829 737 2886 ita
754 2845 770 2886 e
790 2831 941 2902 contrario,
978 2830 1047 2887 baec
1062 2835 1312 2904 praesupponatur:
1329 2828 1410 2886 carius
1426 2829 1534 2902 signum
1549 2833 1602 2900 est,
1616 2828 1680 2900 quis
1694 2833 1783 2884 trans·

132 2917 270 2989 quamdiu
281 2917 365 2974 durat
376 2917 531 2989 primum,si
546 2919 572 2974 in
583 2933 615 2975 eo
630 2924 788 2990 perseverat
799 2921 868 2976 ratio
882 2919 940 2977 sul·
976 2921 1081 2994 gressio
1097 2920 1157 2977 talis
1178 2919 1315 2992 praecepti
1335 2935 1388 2975 nun
1406 2927 1450 2974 est
1469 2918 1690 2990 intemperantia,
1707 2932 1732 2974 v.
1749 2933 1778 2989 g.

131 3008 228 3064 ticieus
249 3008 400 3079 praecepti,
420 3006 503 3065 durat
524 3014 714 3081 praeceptum,
731 3008 797 3066 licet
816 3009 876 3064 linis
895 3023 942 3066 ex·
977 3010 1024 3067 sed
1040 3009 1230 3081 inobedientia3
1247 3023 1329 3065 secus
1344 3023 1408 3065 vero
1422 3012 1466 3065 est
1478 3009 1506 3063 in
1520 3006 1579 3079 tege
1594 3007 1716 3079 propris,
1731 3021 1780 3078 per

131 3100 273 3155 trinsecus
295 3099 397 3154 cesset.
414 3097 553 3170 Exemplis
568 3113 613 3155 res
633 3098 801 3171 declaratur,
818 3112 882 3155 nam
896 3099 939 3156 lex
976 3115 1060 3174 quam
1080 3100 1169 3172 primo
1189 3097 1336 3156 intenditur
1357 3097 1484 3154 honestas
1505 3096 1627 3170 virtutis,
1649 3095 1701 3152 sub
1723 3109 1779 3170 qua

132 3187 166 3245 de
181 3188 282 3244 ieiunio
294 3185 359 3244 licet
372 3186 477 3245 leretur
491 3194 605 3260 propter
616 3189 826 3246 macerationem
839 3189 939 3261 carnis,
978 3195 1061 3247 ectus
1076 3191 1156 3264 quasi
1170 3188 1350 3246 essentialiter
1364 3187 1552 3244 constituitur.

132 3285 163 3335 et
181 3279 303 3350 fingatur
323 3278 508 3334 communitas
523 3292 576 3333 non
597 3276 722 3351 indigens
736 3277 781 3334 illo
804 3277 892 3334 medio
907 3278 942 3335 ud
1016 3287 1042 3340 a.
1060 3281 1126 3337 Dico
1140 3279 1277 3337 secundo:
1294 3276 1408 3347 Quando
1423 3278 1465 3335 lea
1486 3277 1617 3351 praecipit
1631 3281 1724 3334 actum
1745 3275 1779 3334 de

132 3365 212 3423 illum
227 3367 325 3438 finem,
340 3368 405 3439 quia
419 3366 501 3423 babet
514 3367 600 3422 multa
615 3367 681 3439 alia,
701 3365 743 3423 sel
762 3365 826 3440 quid
842 3366 938 3437 simile3
976 3385 1005 3426 se
1016 3369 1212 3427 indifferentem
1228 3375 1338 3440 propter
1348 3367 1707 3436 bnemeatrinsecam,tunc
1717 3381 1779 3422 ces·

132 3455 313 3513 nibilominus
328 3454 371 3512 lea
390 3456 483 3512 ieiunii
501 3429 642 3527 obligtibit,
659 3463 690 3514 ut
710 3463 752 3513 est
765 3461 892 3512 certum:
913 3463 942 3514 at
957 3435 1053 3516 ‘sante
1072 3459 1097 3514 in
1112 3457 1231 3532 generali
1245 3456 1396 3530 adaequato
1407 3456 1458 3512 bne
1473 3455 1534 3512 talis
1547 3454 1632 3528 legis,
1649 3469 1697 3526 per
1711 3469 1741 3511 se
1751 3461 1780 3512 et

134 3548 157 3602 si
179 3553 262 3604 actus
282 3545 421 3603 desineret
439 3561 499 3602 esse
519 3551 598 3602 actus
620 3548 834 3618 temperantiae,
863 3551 895 3602 ut
915 3547 940 3602 in
975 3549 1036 3620 ipso
1049 3548 1122 3605 lacto
1136 3552 1229 3604 cessat
1241 3545 1300 3603 talis
1315 3545 1356 3603 lea
1369 3553 1398 3602 et
1411 3544 1538 3617 obligatio
1551 3544 1707 3601 eius.ltatic
1722 3549 1776 3614 est,

134 3651 205 3692 casu
220 3635 395 3694 necessitatis
407 3640 563 3706 extremae,
578 3641 781 3692 tunccessaret
794 3635 848 3692 lex.
864 3637 941 3693 Simi-
976 3640 1040 3710 quia
1058 3644 1124 3694 tunc
1145 3635 1262 3694 cessatio
1281 3635 1341 3691 linis
1361 3630 1485 3706 negative
1503 3635 1602 3690 transit
1621 3635 1648 3690 in
1670 3639 1780 3690 contra·

135 3724 199 3782 liter
220 3725 244 3780 si
265 3723 309 3781 lex
328 3730 436 3781 taxaret
455 3724 572 3795 pretium
594 3725 693 3798 tritici,
708 3725 840 3797 quamdiu
854 3729 882 3783 in
896 3725 940 3782 illo
975 3728 1055 3797 riam,
1071 3726 1134 3800 quia
1153 3727 1219 3782 lacit
1239 3725 1380 3782 materiam
1401 3723 1560 3794 incapacem
1579 3722 1659 3795 legis.
1677 3722 1779 3780 Proba·

133 3803 420 3886 permanea'aequitas
435 3813 564 3888 iustitiae,
577 3815 615 3870 ita
630 3821 659 3871 ut
674 3829 730 3871 non
743 3815 789 3872 liat
801 3813 941 3872 evidenter
976 3822 1033 3889 tur,
1045 3816 1108 3889 quia
1121 3823 1202 3873 actus
1213 3813 1247 3872 de
1260 3829 1289 3871 se
1304 3813 1457 3871 indifferens
1471 3829 1613 3886 nunquam
1626 3819 1717 3886 potest
1730 3829 1795 3885 per¹

135 3905 303 3976 inaequale,
327 3903 393 3976 legis
418 3901 545 3975 obligatio
572 3905 671 3976 durat,
692 3905 798 3962 etiamsi
825 3907 942 3962 rabones
976 3922 1018 3978 se,
1034 3904 1075 3961 vel
1095 3911 1206 3978 propter
1220 3919 1249 3961 se
1270 3902 1400 3976 praecipi,
1415 3902 1480 3976 quia
1494 3910 1525 3958 ut
1545 3904 1585 3959 sic
1600 3919 1653 3959 non
1673 3907 1717 3959 est
1730 3917 1779 3974 per

135 4008 235 4050 omnes
249 3994 418 4050 extrinsecae
433 3992 557 4050 aetaliae
572 3993 703 4050 utilitates
718 4001 839 4052 cessent.
852 3995 879 4052 Si
893 4010 942 4053 au·
976 4011 1006 4053 se
1020 3995 1143 4052 amabilis
1157 3994 1281 4064 boneste,
1294 3993 1347 4049 imo
1362 3993 1386 4048 si
1400 3993 1437 4048 ita
1451 3993 1506 4065 liet,
1521 4007 1576 4049 non
1590 3991 1705 4050 honeste
1719 3990 1776 4063 tiet3

134 4090 193 4142 tem
209 4084 246 4139 ita
260 4097 305 4139 res
320 4088 489 4154 mutaretur,
507 4089 537 4139 ut
557 4084 693 4156 quantitas
707 4084 786 4156 pretii
803 4083 942 4143 evidenter
975 4094 1013 4157 et,
1029 4085 1103 4160 quod
1122 4087 1226 4144 certius
1239 4090 1292 4150 est,
1308 4084 1370 4141 talis
1391 4089 1473 4140 actus
1488 4098 1541 4138 non
1555 4089 1597 4138 est
1616 4083 1729 4139 materie
1742 4080 1782 4152 le·

135 4179 214 4230 esset
228 4173 331 4244 iniqua,
347 4179 471 4230 cessaret
485 4171 541 4245 lea,
555 4179 583 4229 et
598 4173 636 4229 sic
651 4171 685 4231 de
699 4175 768 4230 aliis.
976 4178 1016 4252 gis
1030 4219 1036 4250 ,
1052 4177 1101 4233 nisi
1115 4182 1227 4249 propter
1241 4173 1358 4246 aliquam
1372 4187 1548 4230 communem
1563 4171 1728 4243 utilitatem,
1743 4168 1777 4226 ad

179 4264 207 4319 7.
223 4259 302 4318 Unde
316 4261 441 4334 intentur,
456 4261 478 4318 si
492 4262 517 4318 in
532 4260 577 4318 teli
592 4261 652 4336 lege
665 4271 757 4323 cesset
770 4265 941 4339 adaequatus
976 4283 1061 4340 quam
1074 4266 1160 4339 possit
1180 4263 1322 4337 prodesse,
1339 4263 1380 4320 uel
1399 4277 1459 4319 esse
1474 4261 1659 4331 necessarius,
1674 4260 1779 4332 praeci·

136 4349 199 4407 finis
211 4356 269 4407 mm
280 4350 549 4425 intrinsecus,quam
559 4352 742 4427 extrinsecus,
755 4360 822 4413 ωηο
833 4369 942 4412 cessare
977 4357 1079 4429 piatur.
1094 4361 1129 4412 At
1140 4369 1207 4411 uero
1222 4358 1348 4411 cessante
1361 4353 1412 4409 tine
1425 4350 1494 4424 legis
1510 4351 1535 4407 in
1554 4348 1685 4424 generali,
1700 4354 1780 4405 aetus

120 4437 244 4513 'legem3
260 4440 286 4496 si
307 4441 369 4514 quis
389 4447 481 4498 tamen
501 4440 641 4514 advertat,
659 4449 727 4500 ωηο
748 4445 867 4502 cessatio
885 4444 944 4501 linis
979 4445 1026 4504 ille
1039 4445 1196 4504 necessario
1211 4443 1305 4515 incipit
1317 4457 1377 4499 esse
1393 4439 1499 4498 inutilis
1515 4437 1548 4495 ad
1569 4452 1717 4496 commune
1730 4436 1778 4494 bo·

136 4544 193 4586 non
208 4537 253 4587 eat
273 4535 378 4588 tantum
392 4532 527 4603 negativa,
543 4530 590 4588 sed
605 4534 702 4590 transit
716 4536 743 4591 in
763 4535 941 4605 contrariam,
978 4551 1061 4609 num;
1076 4550 1142 4609 ergo
1156 4550 1189 4592 eo
1204 4535 1263 4606 ipso
1278 4535 1307 4589 lit
1326 4533 1438 4603 incapax
1457 4528 1629 4603 obligationis
1644 4527 1710 4600 legis
1729 4524 1781 4582 bu·

138 4622 205 4692 quia
220 4621 334 4676 materia
349 4621 401 4676 iam
415 4634 469 4676 non
485 4626 574 4677 manet
589 4623 701 4679 materia
715 4623 836 4698 virtutis,
852 4626 901 4683 aed
915 4624 945 4681 tit
978 4617 1087 4698 menae,
1100 4639 1132 4682 ac
1147 4623 1261 4680 subinde
1273 4629 1365 4680 cessat
1377 4622 1437 4694 ipso
1451 4619 1524 4676 iacto
1539 4619 1591 4676 lea.
1603 4619 1780 4691 Consequen-

138 4711 289 4782 ritiosa,et
303 4709 364 4766 ideo
378 4725 433 4766 non
446 4715 606 4781 potestesse
621 4715 734 4769 materia
745 4713 810 4787 legis
824 4714 945 4788 obligan·
978 4715 1032 4772 tiae
1047 4731 1112 4773 cum
1126 4714 1220 4772 maiori
1236 4713 1300 4770 satis
1322 4719 1414 4784 patent
1427 4727 1461 4769 ex
1480 4709 1569 4768 dictis.
1583 4708 1669 4767 liiner
1689 4713 1782 4764 autem

138 4801 185 4856 tis.
197 4800 234 4856 Et
245 4801 354 4872 signum
369 4805 421 4873 est,
435 4799 508 4873 quod
522 4806 588 4858 ωηο
600 4811 654 4858 ηοη
670 4802 758 4860 solum
770 4805 797 4860 ia
810 4803 943 4878 generali,
979 4811 1022 4862 est
1034 4804 1146 4861 euidens
1155 4819 1188 4861 ea
1199 4802 1356 4879 hypothesi3
1370 4817 1431 4858 nam
1444 4800 1569 4874 ponimus
1581 4813 1692 4856 cessare
1701 4799 1782 4854 finem

140 4887 189 4946 sed
203 4891 285 4946 etiam
294 4889 319 4944 in
334 4889 493 4961 particulari
505 4890 625 4947 cessabit
638 4891 768 4966 obligatio
780 4892 846 4967 legis
857 4893 883 4950 in
899 4891 945 4950 tell
982 4894 1177 4967 adaequatum,
1190 4899 1300 4966 propter
1311 4907 1394 4966 quem
1405 4888 1623 4964 praecipiebatur
1634 4888 1677 4945 ille
1688 4894 1780 4959 actus,

142 4986 222 5049 actu,
236 4979 280 5035 rel
302 4981 414 5062 materia
428 4981 498 5036 eius.
514 4979 591 5037 Unde
610 4979 691 5037 etiam
712 4981 752 5055 lit,
768 4987 801 5038 ut
820 4988 887 5039 tunc
903 4982 945 5040 leri
981 5001 1035 5042 non
1050 4990 1244 5057 potestantem
1260 4997 1370 5040 cessare
1383 4980 1429 5037 ille
1443 4981 1514 5051 linis,
1529 4980 1581 5036 nisi
1596 4976 1640 5036 vel
1654 4979 1719 5051 quia
1733 4975 1782 5033 bo·

141 5075 235 5140 cesset
246 5069 307 5142 ipso
323 5069 395 5126 lacto
411 5071 469 5126 sine
483 5069 535 5127 alia
548 5069 753 5144 recordatione,
768 5071 809 5128 rel
824 5070 947 5130 declara·
981 5091 1048 5136 num
1061 5075 1181 5147 proxime
1197 5073 1330 5130 intentum
1343 5086 1392 5143 per
1406 5069 1484 5127 illum
1499 5076 1594 5127 actum
1607 5068 1708 5126 desiuit
1721 5082 1782 5124 esse

141 5159 227 5229 tione,
239 5159 305 5232 quia
317 5157 394 5216 deest
412 5158 619 5216 tundamentum
634 5160 705 5232 eius,
718 5175 769 5218 nec
784 5169 874 5235 petest
887 5165 946 5220 eius
981 5165 1159 5222 commodum
1179 5161 1213 5220 ad
1233 5177 1380 5219 commune
1401 5159 1504 5217 bonum
1533 5158 1717 5231 reipublicae,
1738 5157 1783 5214 rel

142 5249 277 5324 obligatio
295 5248 394 5307 eadere
409 5249 434 5304 in
456 5252 597 5307 materiam
615 5249 772 5311 inhabilem.
789 5251 866 5310 Solet
886 5267 945 5310 esse
981 5253 1046 5326 quia
1059 5253 1263 5326 ipsemetactus
1278 5249 1448 5308 desinitesse
1462 5248 1533 5306 utilis
1544 5247 1578 5305 ad
1591 5248 1644 5306 tale
1658 5261 1782 5304 curamo-

222 5357 601 5414 soaass,eetsouus-emrt.
1569 5342 1597 5402 ti
