4232 6220
883 407 1050 460 cerorrv.
1677 393 1740 458 ule
1832 399 1836 409 '

138 539 221 598 stand
237 539 332 597 mortis
347 537 446 596 Christi
457 577 464 600 ,
477 538 542 611 qtrla
556 537 618 594 lieet
632 543 699 595 tunc
715 536 797 594 luerit
811 549 941 594 consum·
975 535 1175 606 ramosisque
1192 535 1323 589 oestrum
1344 535 1376 589 in
1393 537 1513 592 nomine
1532 537 1600 592 Iesu
1620 537 1733 594 circii
1745 539 1777 594 in
1807 609 1810 614 ,

138 637 211 687 mata
222 627 443 700 redemptio,non
455 628 507 683 luit
520 632 711 683 consummata
721 625 808 683 lorma
818 626 884 698 legis
895 639 942 681 ne·
974 625 1178 680 remissionem
1186 626 1379 696 peccatorum
1392 628 1573 690 vestrorum·
1586 631 1614 680 et
1625 625 1692 682 inlra
1704 624 1778 681 addi·

137 722 258 777 cessaria
281 717 314 775 ad
328 716 514 791 obligandum
526 724 554 773 et
568 717 689 773 similiter
709 717 771 772 licet
791 722 856 772 tarne
882 715 940 770 lue·
976 719 1037 782 tur,
1055 719 1118 784 post
1139 712 1225 768 multa
1246 711 1297 767 alin
1316 711 1398 768 rerba
1413 710 1511 768 dixisse
1526 715 1651 770 Petrum:
1672 713 1781 770 Solvo-

138 812 176 866 rit
191 816 413 866 coustimmatum
437 813 639 876 testamentum,
652 807 693 864 rel
709 806 817 868 foedus,
834 819 885 861 non
901 811 941 860 ta·
976 805 1052 858 atini
1065 802 1103 858 nb
1119 806 1179 860 istc
1191 804 1379 874 permotione
1389 803 1543 874 prnon.Et
1556 804 1602 874 qui
1616 813 1781 875 receperunt

136 915 200 956 men
216 907 281 956 tunc
297 897 345 953 luit
359 902 552 968 apertum,aut
565 894 734 953 declaratum
756 894 936 950 sufficienler.
976 891 1231 960 sermonem,luisse
1242 896 1447 960 perseverantes
1461 892 1487 946 in
1499 889 1624 948 doctriua
1639 893 1777 963 apostola·

138 990 196 1044 lmo
217 988 239 1042 si
259 986 424 1058 praedicatio
438 984 520 1056 lucta,
536 985 640 1042 vivente
655 983 776 1054 cbristo,
792 990 852 1039 erat
865 983 942 1039 sulli-
976 995 1037 1036 rum
1050 1021 1056 1049 ,
1073 985 1100 1035 et
1115 979 1362 1035 communicatione
1378 979 1519 1036 tractionis
1533 981 1619 1052 panis,
1635 987 1663 1037 et
1676 981 1777 1037 oratio·

137 1075 230 1145 cleos,
256 1080 288 1130 ut
313 1072 354 1129 lex
373 1071 417 1129 illa
441 1079 533 1144 posset
543 1073 662 1146 obligare
676 1074 701 1128 in
716 1079 818 1144 puncto
834 1071 939 1141 mortis,
977 1068 1067 1125 nibus.
1084 1069 1124 1124 lix
1137 1067 1239 1140 quibus
1251 1074 1371 1138 constat,
1384 1065 1418 1123 ad
1433 1066 1551 1125 litteram
1567 1069 1719 1142 implevisse
1731 1072 1780 1128 Pe·

137 1163 212 1220 uulln
226 1170 299 1220 osset
315 1163 395 1233 ratio,
405 1177 457 1218 cur
472 1172 552 1219 antea
566 1178 618 1219 nnn
633 1162 774 1234 obligaret.
790 1161 859 1230 Quia
875 1175 940 1216 con·
977 1161 1067 1228 trum,
1083 1154 1157 1228 quod
1170 1157 1295 1212 Christus
1310 1155 1445 1227 iusserat,
1460 1155 1596 1228 baptizate
1612 1173 1673 1230 eos,
1688 1167 1717 1216 et
1731 1158 1779 1214 do·

137 1253 284 1309 autumatio
303 1250 498 1322 redemptionis
513 1267 565 1307 noa
581 1257 640 1308 erat
653 1251 853 1314 necessaria,ut
864 1250 940 1305 Chri·
976 1255 1036 1301 cete
1051 1261 1098 1301 eos
1113 1259 1224 1302 serrare
1236 1245 1539 1318 omnia,quaecumtyue
1552 1246 1675 1303 mandavi
1688 1246 1774 1305 robis.

137 1347 197 1398 stus
220 1349 314 1412 posset
339 1342 397 1395 suis
421 1340 526 1412 iegibus
540 1342 634 1397 statim
649 1341 769 1412 obligare
787 1339 939 1408 audientes,
974 1334 1054 1390 Titne
1065 1350 1131 1407 ergo
1146 1334 1236 1405 coepit
1250 1332 1401 1405 baptismus
1415 1335 1549 1408 obligare,
1563 1342 1591 1392 et
1604 1352 1664 1394 esse
1678 1352 1776 1394 neces·

137 1430 160 1484 si
174 1428 270 1500 vellet,
295 1429 370 1484 sicut
388 1431 479 1500 patuit
492 1428 557 1485 darc
573 1429 630 1487 suis
645 1431 823 1485 sacramentis
841 1427 942 1484 utiliia·
976 1427 1064 1480 sarius
1083 1423 1117 1480 atl
1137 1423 1326 1479 remissionem
1343 1429 1539 1494 peccatorum,
1554 1427 1641 1496 etqui
1659 1424 1779 1497 baptiza·

137 1526 194 1574 tem
214 1525 241 1574 et
264 1518 413 1588 efficaciam
437 1523 497 1574 ante
517 1524 643 1574 mortem.
655 1517 731 1576 Unde
751 1533 818 1590 ergo
836 1513 941 1572 ostendi
975 1513 1086 1578 bantur,
1103 1513 1202 1570 debant
1213 1513 1335 1569 membra
1346 1511 1485 1569 Ecclesiae
1499 1513 1599 1570 Christi
1616 1516 1698 1571 Petro
1713 1516 1777 1572 sub·

137 1614 238 1680 potest,
246 1607 439 1686 obligationem
452 1606 537 1662 luisse
552 1623 712 1678 suspensam
724 1600 856 1680 usque'ad
867 1621 940 1662 mor·
976 1604 1060 1675 lecta,
1080 1609 1107 1659 et
1127 1608 1328 1676 consequenter
1350 1609 1407 1660 tota
1419 1601 1477 1675 lege
1499 1603 1599 1660 Christi
1622 1603 1779 1677 obligaban-

137 1703 209 1767 tem,
231 1697 252 1750 si
269 1702 456 1767 praecesserat
469 1695 652 1769 promulgatio
665 1695 822 1765 sulliciens,
837 1695 879 1751 vel
895 1709 940 1750 ue·
976 1692 1139 1766 turyetideo
1150 1692 1302 1750 secundum
1313 1692 1387 1750 illam
1404 1693 1775 1766 statimvivereinceperunt,

136 1785 256 1841 cessaria
282 1801 335 1841 nno
361 1784 531 1856 emulgitur
555 1786 628 1842 sicut
652 1791 729 1841 antea
747 1801 800 1840 non
815 1783 942 1858 obligarit
975 1788 1007 1839 ut
1019 1798 1053 1840 es
1066 1782 1161 1840 eadem
1176 1783 1288 1838 historia
1301 1788 1419 1838 constat.

137 1873 206 1929 baec
218 1872 272 1940 lex,
291 1875 328 1928 ita
345 1889 395 1930 nec
413 1873 445 1928 in'
458 1880 555 1946 morte,
570 1873 611 1929 vel
628 1875 838 1930 resurrectione.
1018 1877 1060 1930 13.
1077 1872 1196 1929 Ulterius
1211 1886 1276 1928 vero
1291 1871 1482 1943 explicandum
1496 1879 1633 1945 superest,
1646 1889 1679 1930 an
1693 1876 1720 1931 in
1730 1873 1777 1932 illo

185 1961 367 2022 ll.Secuodo
380 1979 414 2020 ex
428 1961 509 2020 dietis
520 1961 668 2032 concludo,
678 1962 764 2036 legem
778 1978 874 2020 novam
885 1978 939 2018 non
974 1961 1018 2020 die
1032 1963 1127 2020 statim
1141 1960 1300 2033 obligaverit
1314 1976 1407 2018 omnes
1421 1963 1545 2035 iudaeos,
1557 1962 1584 2018 id
1594 1968 1638 2019 est
1651 1980 1705 2020 aco
1716 1971 1775 2021 tan·

139 2055 275 2124 incepisse
295 2052 415 2124 obligare
437 2059 499 2108 aute
519 2051 589 2108 diem
602 2054 786 2110 Pentecostcs.
803 2051 939 2108 Probatur
974 2057 1034 2109 tum
1047 2065 1106 2123 eos,
1118 2050 1165 2123 qui
1179 2057 1258 2106 erant
1272 2048 1466 2126 Hierosolymis
1481 2050 1633 2124 (dequibus
1647 2053 1777 2110 resside-

139 2142 217 2200 lncile
237 2157 270 2198 ex
290 2141 385 2207 dictiss
411 2157 473 2196 nam
492 2146 662 2198 sacramenta
681 2139 763 2197 buius
779 2140 862 2213 legis,
878 2145 939 2197 ante
976 2148 1020 2198 tur
1034 2139 1189 2212 clarel,sed
1204 2140 1285 2197 etiam
1299 2141 1460 2214 omnes,qui
1479 2147 1557 2199 erant
1571 2142 1596 2198 in
1607 2141 1717 2214 ludeea,
1733 2142 1777 2199 rel

137 2241 253 2290 mortem
267 2230 365 2288 Cbristi
380 2231 575 2302 iustituta,aon
591 2230 704 2288 luerunt
717 2229 769 2286 sub
784 2229 877 2286 maiori
893 2245 939 2288 ue·
973 2231 1055 2286 etiam
1076 2230 1155 2300 illos,
1170 2229 1216 2301 qui
1230 2236 1308 2286 eraut
1320 2227 1435 2300 dispersi
1449 2245 1498 2300 per
1513 2231 1603 2288 varias
1625 2232 1779 2304 provincias

138 2321 266 2380 cessitate
284 2321 436 2392 proposita,
451 2326 498 2375 aut
512 2320 685 2390 promulgata
700 2324 758 2375 tota
774 2317 819 2374 illo
837 2323 940 2390 lempn-
975 2319 1061 2376 orbis.
1076 2318 1166 2393 Aliqui
1185 2320 1259 2375 enim
1279 2320 1316 2374 ita
1330 2319 1482 2392 allirmcnt,
1498 2321 1562 2393 quie
1576 2320 1619 2377 lex
1638 2321 1779 2378 sufficien-

137 2427 184 2480 re,
207 2417 238 2466 ut
255 2425 287 2467 es
308 2408 453 2481 evangeliis
467 2414 591 2480 constat3
609 2407 660 2464 alia
674 2423 738 2464 vero
754 2413 938 2482 sacramente,
975 2414 1017 2466 ter
1029 2407 1312 2480 promulgatu,statim
1325 2422 1356 2463 ac
1369 2408 1450 2464 simul
1462 2409 1602 2483 obligatio
1613 2410 1776 2467 taiadidonc
1810 2470 1816 2484 ,

137 2499 341 2576 relmysteria,
361 2512 430 2570 quae
447 2497 472 2552 in
488 2497 541 2554 illis
555 2497 651 2554 diebus
668 2497 789 2554 instituta
804 2503 878 2567 suat,
894 2512 940 2552 eo·
975 2499 1105 2571 principis
1120 2496 1293 2570 legislatoris3
1309 2498 1373 2552 item
1392 2497 1457 2571 quia
1475 2498 1516 2554 lex
1535 2499 1707 2572 promulgate
1722 2513 1777 2555 non

137 2589 200 2646 dem
218 2588 275 2646 lere
295 2585 376 2645 motio
392 2585 529 2643 aGbristo
549 2592 614 2642 sunt
628 2585 752 2657 privatim
767 2584 866 2642 tradita
883 2585 940 2640 sine
974 2589 1051 2660 prius
1067 2587 1170 2660 obligat
1185 2585 1318 2660 quosdam
1332 2586 1557 2660 subditos,quam
1572 2578 1722 2661 alios3ergo
1735 2587 1777 2644 vel

136 2678 248 2752 publica
268 2677 344 2750 lege,
366 2675 409 2732 rel
430 2675 659 2747 promulgatione.
679 2676 714 2730 Et
732 2673 792 2731 ideo
812 2674 940 2731 cbristus
974 2678 1015 2734 lex
1038 2692 1109 2735 nova
1124 2693 1177 2733 nou
1197 2677 1290 2733 statim
1310 2675 1439 2749 obligavit
1455 2676 1566 2734 iudaeos
1581 2675 1775 2751 Hierosolymis

136 2783 299 2826 recessurus
322 2765 356 2822 ab
375 2764 524 2836 apostolis,
550 2765 588 2820 eis
608 2764 698 2824 dixitz.
711 2767 823 2820 Erotes
842 2762 940 2820 docete
974 2767 1137 2838 existentes,
1161 2765 1234 2838 quod
1255 2765 1308 2821 dici
1330 2781 1383 2821 nou
1405 2773 1511 2838 potest,
1531 2766 1573 2823 vel
1589 2767 1669 2823 simul
1681 2781 1775 2828 omues

137 2871 237 2913 omnes
258 2860 370 2926 pentes,
393 2859 421 2910 et
433 2850 607 2926 praedicate
621 2852 826 2926 euangelium,
846 2853 939 2925 utique
975 2856 1041 2913 ulios
1055 2856 1194 2928 obligarit.
1209 2855 1327 2927 lienique
1346 2854 1455 2911 videtur
1478 2855 1529 2912 boc
1549 2856 1605 2912 lieri
1620 2857 1773 2926 verisimile,

136 2951 200 3017 post
210 2951 353 3014 receptum
364 2943 494 3014 Spiritum
505 2949 641 2998 sanctum:
656 2959 718 2999 nam
730 2943 764 2998 de
776 2943 858 3014 priori
871 2949 938 3000 tem·
974 2947 1040 3018 quin
1054 2945 1098 3002 illa
1113 2945 1296 3017 promulgatio
1311 2944 1384 3000 lacta
1397 2950 1440 3001 est
1455 2945 1620 3017 incivitate,
1636 2951 1667 3002 ul
1681 2945 1720 3002 sic
1735 2944 1776 3002 di·

136 3048 204 3104 pore
218 3031 339 3089 dixerat:
355 3029 455 3090 Sedete
468 3034 500 3087 in
512 3034 644 3092 sinitote,
660 3031 752 3088 dooteo
768 3029 940 3089 induamini
975 3051 1052 3108 cam,
1074 3034 1282 3106 metropolitana
1300 3032 1372 3090 illius
1396 3033 1508 3104 populi,
1530 3040 1557 3090 et
1571 3035 1598 3090 iu
1614 3033 1668 3108 die,
1680 3037 1706 3090 in
1719 3051 1775 3108 qun

134 3124 299 3178 auriasicen
317 3117 395 3187 olto,
418 3120 482 3191 quia
497 3119 578 3176 talem
592 3119 679 3189 tliom,
695 3120 937 3192 dispensationem,
975 3125 1009 3183 ibi
1031 3131 1109 3182 erant
1130 3122 1289 3195 cougregati
1309 3121 1401 3178 iudaei
1420 3138 1452 3180 es
1472 3124 1545 3179 ouini
1561 3124 1683 3194 natione,
1704 3139 1775 3197 quse

135 3216 165 3267 et
183 3209 295 3266 modum
316 3208 349 3266 etl
369 3207 615 3281 promulgationem
631 3224 697 3265 suae
715 3209 783 3282 legis
798 3211 940 3280 praelinie·
974 3215 1026 3272 snb
1047 3214 1125 3271 coelo
1147 3220 1205 3280 est,
1227 3221 1255 3268 et
1281 3227 1378 3285 magna
1394 3212 1579 3284 solemnitate,
1601 3219 1628 3270 et
1641 3229 1703 3268 eum
1718 3229 1776 3270 ma·

135 3305 189 3356 rat.
207 3300 327 3371 lienique
346 3297 407 3354 addi
429 3305 519 3370 potest
537 3299 637 3370 optima
655 3300 852 3371 congruentia,
873 3301 939 3372 quia
973 3300 1701 3377 gnissigolsdecnslodatis3ergoeratsulliciensilla
1712 3317 1775 3373 pro-

135 3386 262 3445 Gbristus
281 3403 335 3443 oon
350 3386 498 3456 complevit
511 3387 710 3443 institutionem
721 3403 787 3443 suae
797 3387 938 3445 Ecclesiae
974 3393 1104 3467 mulgatio
1120 3391 1217 3449 saltem
1231 3405 1279 3461 pro
1295 3395 1351 3446 tota
1365 3390 1491 3462 natione,
1515 3403 1564 3444 sou
1580 3405 1719 3464 synagoga
1733 3391 1773 3447 iu-

136 3483 198 3534 anto
215 3484 323 3548 tempus
338 3475 490 3548 proximum
505 3475 669 3547 ascensioni,
682 3483 712 3533 ut
724 3483 801 3548 patet
814 3492 846 3533 ex
861 3478 939 3533 lcan·
973 3481 1116 3538 dacorum.
1177 3551 1181 3560 ι

136 3569 178 3623 nis
195 3569 280 3637 citi,
297 3565 343 3622 ubi
357 3570 561 3620 sacramentum
575 3565 757 3636 poenitentiae
770 3566 895 3639 instituit,
911 3573 940 3623 et
1014 3573 1058 3628 tt.
1078 3568 1129 3627 Sed
1151 3567 1324 3624 nibilominus
1341 3569 1433 3624 verius
1453 3582 1571 3638 censeo,
1592 3568 1663 3625 banc
1685 3569 1773 3642 legem

136 3654 285 3726 specialem
307 3658 470 3727 potestatem
490 3652 565 3710 dedit
582 3654 773 3711 sacerdotibus
791 3655 824 3711 ad
849 3657 939 3712 remit·
973 3676 1027 3716 non
1047 3659 1126 3717 simul
1145 3658 1280 3731 obligasse
1299 3657 1410 3728 iudaeos
1425 3658 1526 3730 ubique
1544 3657 1712 3723 existentes,
1728 3657 1774 3716 sed

135 3745 218 3800 tenda
239 3752 373 3816 peccata,
395 3748 424 3799 et
443 3743 598 3816 episcopos,
615 3743 656 3800 vel
672 3746 936 3816 apostoloscreavil.
972 3749 1106 3821 incepisse
1121 3754 1189 3806 lunc
1203 3746 1333 3818 obligare,
1344 3754 1372 3803 et
1386 3752 1480 3819 postea
1495 3762 1629 3803 successu
1644 3749 1775 3819 temporis

136 3835 166 3888 la
180 3835 269 3904 capite
284 3839 375 3890 nutem
389 3834 671 3890 21.ereavitPetrum
683 3833 708 3888 in
719 3849 857 3890 summum
868 3837 938 3891 Pon·
973 3837 1162 3909 obligationem
1177 3835 1259 3892 luisse
1273 3835 1398 3892 diffusam
1413 3851 1460 3907 per
1474 3842 1560 3892 totam
1576 3835 1714 3906 iudaeam,
1726 3838 1774 3895 Sa·

136 3921 249 3994 tibcem,
264 3922 290 3979 iu
304 3937 360 3994 quo
375 3920 512 3978 fundanda
525 3927 586 3978 erat
595 3921 721 3978 Ecclesia
736 3923 809 3979 iuxta
823 3925 937 3994 promis·
973 3927 1102 3998 mariam,
1126 3933 1155 3983 et
1175 3925 1243 3982 clins
1257 3926 1420 3994 provincias.
1439 3925 1526 3992 Quam
1541 3927 1701 3983 sententiam
1715 3941 1776 3983 esse

136 4013 244 4069 sionem
260 4012 376 4082 laetam,
390 4009 484 4068 llattb.
505 4014 549 4071 tc.
564 4012 624 4067 Non
639 4019 681 4068 est
701 4027 767 4084 ergo
783 4012 936 4084 verisimile,
972 4021 1185 4072 consentaneam
1197 4013 1322 4085 patribus
1332 4022 1361 4068 et
1373 4012 1504 4086 theologis
1515 4013 1606 4072 statim
1620 4014 1774 4089 ostendam,
1827 4054 1833 4067 .

135 4101 275 4159 Christum
299 4100 394 4158 tulisse
414 4115 492 4156 suam
513 4100 599 4172 legem
619 4107 651 4156 ut
664 4099 843 4174 obligantem,
860 4102 939 4172 prius
972 4104 1110 4177 loquendo
1124 4103 1158 4159 de
1173 4102 1310 4176 gentibus,
1323 4117 1397 4158 nunc
1412 4101 1582 4159 sufficienter
1597 4104 1730 4178 probatur
1741 4119 1774 4162 ex

134 4206 220 4263 quam
233 4197 307 4247 esset
323 4188 459 4259 Ecclesia,
474 4204 525 4260 pro
539 4204 594 4261 qua
609 4189 681 4245 illam
698 4188 784 4262 legem
799 4189 911 4247 terebat.
972 4193 1105 4265 principio
1120 4207 1205 4264 supra
1220 4191 1306 4264 posito
1322 4190 1354 4247 de
1370 4190 1588 4265 promulgatione
1602 4194 1669 4266 legis
1682 4195 1775 4266 positi·

179 4283 221 4338 12.
237 4279 326 4336 'lertio
345 4277 433 4352 addo,
454 4278 543 4351 legem
565 4293 664 4335 novam
678 4279 800 4350 coepisse
816 4279 937 4352 obligare
972 4298 1037 4354 rae,
1057 4280 1163 4338 scilicet
1181 4280 1321 4352 postulare
1335 4287 1444 4352 tempus
1460 4281 1617 4354 sullicieus,
1634 4291 1665 4339 ut
1681 4285 1775 4340 notitia

134 4369 162 4424 iu
177 4366 219 4424 die
236 4370 423 4426 Pentecostes.
433 4367 505 4423 Haec
520 4366 646 4440 assertio,
662 4368 811 4439 supposdis
826 4383 938 4441 pracce-
972 4369 1049 4443 legis,
1063 4385 1112 4427 seu
1124 4369 1352 4442 promulgationis
1364 4368 1397 4426 ad
1409 4368 1536 4427 distantia
1549 4370 1609 4428 loca
1623 4371 1773 4444 deleratur,

136 4448 276 4527 dentibus,
293 4463 370 4514 certa
384 4461 436 4528 est,
452 4463 480 4512 et
493 4455 546 4512 dici
560 4463 652 4528 potest
665 4449 819 4514 communis
833 4457 939 4514 tbeolo-
973 4466 1005 4516 ut
1021 4458 1063 4516 lea
1080 4460 1105 4515 in
1120 4458 1171 4515 illis
1185 4458 1297 4531 obliget.
1313 4459 1386 4516 Haec
1407 4459 1478 4515 enim
1492 4459 1616 4516 conditio
1630 4475 1663 4517 es
1678 4468 1776 4519 nature

134 4562 258 4621 garum,
278 4552 412 4620 quantum
431 4545 464 4601 ad
484 4545 552 4617 boc,
571 4545 645 4618 quod
665 4545 757 4602 nullus
770 4562 867 4604 eorum
882 4563 939 4604 am·
971 4550 1011 4606 rei
1026 4551 1173 4622 requiritur
1184 4549 1209 4604 in
1225 4547 1283 4620 lege
1296 4546 1451 4604 bominibus
1462 4549 1600 4621 imposita,
1615 4549 1679 4623 quia
1689 4549 1772 4608 bomo

136 4637 209 4711 plius
220 4634 409 4694 disserendum
422 4637 529 4692 censuit
540 4635 621 4692 basius
630 4635 802 4707 obligationis
818 4637 935 4693 initium.
973 4655 1026 4696 noo
1046 4646 1088 4695 est
1109 4637 1162 4694 alic
1182 4636 1264 4694 modo
1284 4651 1371 4708 capax
1386 4638 1497 4694 notitiae
1513 4638 1596 4711 legis,
1611 4653 1643 4696 ac
1662 4639 1777 4697 subinde

136 4729 174 4784 Et
187 4727 256 4784 ratio
275 4732 327 4794 est,
344 4725 409 4798 quia
423 4727 449 4780 in
464 4723 509 4781 illo
523 4724 566 4781 die
582 4724 652 4781 lacta
662 4730 705 4780 est
718 4724 858 4781 sulliciens
875 4742 940 4798 piro·
973 4745 1060 4802 neque
1079 4723 1270 4801 obliga'tioaisy
1294 4735 1323 4783 et
1336 4726 1396 4782 ideo
1410 4728 1491 4784 etiam
1506 4729 1532 4784 iu
1549 4726 1609 4802 lege
1627 4728 1717 4786 divina
1730 4744 1777 4787 uc·

137 4817 270 4888 mulgatio
288 4817 371 4872 huius
387 4814 451 4888 legis
467 4815 670 4890 Hierosolymis,
684 4815 810 4878 sednibil
822 4816 939 4887 amplius
973 4819 1093 4874 cessuria
1114 4821 1174 4886 est,
1195 4824 1226 4874 ut
1243 4815 1326 4888 paulo
1345 4821 1423 4872 antea
1444 4817 1470 4871 iu
1486 4818 1566 4875 simili
1580 4819 1773 4891 explicuimus:

136 4905 285 4962 desiderari
302 4910 410 4975 poterat
424 4902 457 4960 ad
470 4903 529 4960 eius
541 4903 741 4975 obligationem,
755 4919 821 4976 ergo
833 4921 885 4961 aon
897 4911 940 4963 est
973 4923 1035 4963 nam
1049 4906 1142 4963 eadem
1157 4910 1199 4962 est
1209 4908 1279 4961 ratio
1292 4904 1325 4960 de
1338 4904 1555 4977 promulgatione
1567 4914 1594 4964 et
1607 4908 1641 4965 do
1652 4915 1775 4982 tempore

137 4995 255 5066 amplius
272 4993 365 5060 dilata,
378 4991 424 5050 sed
440 4992 531 5049 statim
546 4993 654 5063 incepit.
671 4993 748 5049 Unde
761 4996 861 5064 Acin,
873 5009 938 5051 cum
973 4995 1127 5053 necessario
1143 4993 1177 5051 ad
1188 4993 1398 5067 applicationem
1411 4993 1460 5050 seit
1472 4994 1684 5069 divulgationem
1697 4999 1774 5072 legis.

137 5084 173 5141 atl
198 5083 432 5156 praedicationem
455 5082 527 5137 Petri
547 5079 657 5154 quidam
676 5084 835 5152 compuncti
854 5081 938 5140 corde
973 5085 1102 5155 Quamvis
1121 5099 1188 5156 ergo
1208 5083 1390 5155 promulgatio
1409 5082 1476 5156 legis
1497 5101 1583 5141 novae
1597 5086 1668 5144 lacte
1682 5089 1777 5146 Hiero-

137 5177 357 5246 ioterrognrent:
379 5169 458 5246 Quid
467 5167 637 5241 sementes,
660 5171 718 5226 oiri
733 5167 878 5243 sruires?
896 5189 938 5230 re·
973 5175 1084 5250 solymis
1105 5174 1130 5228 in
1150 5172 1192 5228 die
1213 5172 1387 5229 pentecostes
1404 5173 1489 5228 inerit
1507 5173 1647 5232 sullicicos
1664 5192 1714 5248 pro
1729 5178 1775 5234 illo

137 5263 246 5340 spondit
260 5264 372 5320 Petrus:
391 5262 608 5318 Poeniieniiom
620 5261 713 5334 agite,
729 5265 758 5318 ei
771 5260 939 5335 baptizetur
974 5264 1053 5334 loco,
1073 5278 1125 5320 raon
1141 5269 1229 5319 taurea
1245 5275 1294 5332 pro
1309 5259 1452 5336 omnibus,
1468 5262 1610 5336 inquibus
1626 5265 1714 5324 iudaei
1731 5267 1778 5324 ba·

216 5369 352 5424 sucendit
363 5367 594 5424 hoplites-Perell.
1579 5371 1606 5418 gp
