4284 6246
389 357 454 424 ιιι
1100 371 1201 422 arana
1215 372 1263 420 rr.

350 498 524 572 legationem,
537 503 564 554 et
574 498 664 555 varios
676 497 784 568 modos,
795 498 895 571 quibus
911 497 1150 569 sentententiae
1188 497 1256 554 estio
1269 504 1310 553 εει
1327 473 1422 554 'stricti
1437 497 1520 568 iuris,
1534 503 1562 554 et
1576 494 1685 570 odiosa,
1703 503 1833 568 utsupra
1848 501 1985 554 ostensum

350 595 411 659 est,
426 590 491 661 quia
512 587 649 645 interdum
663 587 814 644 immediate
829 587 912 645 datur
922 585 1027 644 directa
1041 585 1153 645 iurisdi-
1185 593 1249 659 est,
1263 592 1291 643 et
1309 586 1343 643 de
1362 584 1507 658 privilegiis
1528 584 1653 658 dicetnr3
1669 601 1747 660 ergo.
1765 588 1862 656 bicos,
1877 601 1907 657 re
1921 599 1985 643 aera

352 679 410 735 ctio
433 679 483 748 ipsi
498 676 637 752 delegato,
651 677 794 750 aliquando
809 693 874 735 vero
889 677 970 735 datur
985 677 1102 735 facultas
1116 676 1151 748 ei,
1188 677 1231 733 illc
1251 676 1369 733 facultas
1390 692 1443 733 non
1463 683 1506 734 est
1519 675 1702 750 dispensatio,
1717 676 1786 734 haec
1800 675 1874 732 enim
1894 683 1988 748 postea

354 769 402 842 qui
422 766 621 840 dispensandus
641 773 704 841 est,
730 775 762 825 ut
781 768 861 841 eligat
882 783 1041 839 personam,
1060 784 1079 825 a
1098 781 1153 839 qua
1187 765 1365 824 concedenda
1388 771 1431 824 εει
1451 781 1467 823 a
1484 767 1687 840 commissario,
1713 773 1864 839 postquam
1887 765 1988 834 electus
2076 779 2078 784 ·

353 859 440 930 possit
453 856 621 930 dispensari,
636 864 665 914 ut
676 859 703 913 ia
717 857 885 932 delegatione
898 859 1093 916 iurisdictionis
1104 873 1153 930 pro
1188 856 1287 928 fuerit,
1309 862 1337 913 ει
1356 855 1416 913 ιιεε
1437 861 1516 913 εειιε
1537 863 1616 912 antes
1637 856 1727 913 factus
1746 871 1802 912 non
1816 855 1870 911 erit
1884 854 1986 928 licitus,

353 954 525 1004 sacramento
545 946 744 1018 confessionis,
759 954 788 1006 et
803 941 1001 1020 dispensatione
1022 956 1152 1006 votorum
1189 951 1239 1002 aut
1252 943 1374 1016 validus,
1390 946 1413 1000 si
1426 945 1487 1002 eius
1501 944 1577 1002 valor
1591 960 1623 1002 aa
1639 945 1843 1018 dispensatione
1863 944 1989 1016 pendeat,

353 1034 485 1110 diximum
506 1035 601 1094 eadem
619 1037 692 1094 enim
711 1045 754 1094 est
768 1038 837 1094 rstio
848 1037 878 1100 io
893 1038 1046 1111 praesenti,
1062 1043 1094 1094 ut
1106 1051 1155 1110 per
1189 1041 1221 1092 ut
1244 1035 1266 1092 si
1287 1035 1452 1106 dispensatio
1474 1036 1510 1092 ειι
1524 1035 1618 1094 futura
1631 1035 1657 1092 in
1671 1035 1867 1108 impedimento
1883 1037 1991 1093 irritan-

354 1141 384 1186 se
395 1131 514 1197 constet,
525 1133 553 1184 ει
565 1127 697 1201 frequens
711 1144 779 1185 usus
790 1128 943 1186 confirmat.
952 1129 1020 1186 Nem
1032 1126 1086 1184 boc
1096 1142 1156 1184 mo·
1190 1133 1232 1198 te3
1250 1141 1316 1198 ergo
1330 1141 1384 1182 noa
1398 1131 1457 1197 est,
1470 1141 1522 1183 cur
1536 1128 1719 1198 restringatur
1734 1125 1778 1183 illa
1792 1125 1921 1196 facultas,
1941 1141 1990 1182 seu

354 1214 390 1273 do
411 1215 601 1274 conceduntur
626 1216 747 1290 quotidie
767 1217 985 1291 dispensationes
999 1203 1156 1292 irregulari·
1190 1216 1349 1274 tnandatum
1362 1214 1799 1288 eicutdtspensatio.antecedens
1807 1221 1861 1286 est,
1876 1221 1909 1271 ut
1918 1220 1990 1270 recte

356 1311 456 1375 tatum,
471 1306 728 1376 impedimentorum
742 1309 916 1381 matrimonii,
931 1315 961 1366 et
971 1307 1083 1364 similes.
1097 1308 1155 1364 Non
1189 1305 1319 1364 admonet
1329 1307 1429 1363 Narer.
1446 1305 1472 1361 ia
1484 1305 1562 1364 Sum.
1575 1320 1602 1362 c.
1620 1309 1663 1374 ta,
1675 1320 1703 1362 n.
1718 1299 1789 1376 79,ι
1804 1301 1987 1370 duodecimo,

354 1395 427 1451 caim
444 1394 578 1451 ordinarie
593 1396 666 1467 Papa
682 1397 738 1468 ipse
750 1397 905 1470 dispensat,
918 1398 967 1455 εει
977 1396 1156 1469 dispensatio·
1190 1405 1218 1455 et
1231 1395 1333 1454 additio
1346 1395 1380 1452 ad
1393 1395 1505 1466 flotam,
1522 1396 1564 1452 tit.
1581 1395 1615 1452 de
1628 1395 1664 1451 fal.
1680 1395 1795 1470 Presby.
1820 1393 1907 1450 decis.
1923 1397 1950 1450 2.
1966 1393 1991 1447 in

356 1498 418 1541 nem
432 1485 592 1556 committit,
604 1492 632 1541 ει
643 1486 752 1557 quando
764 1492 870 1543 tantum
882 1485 1045 1544 conceditur
1055 1488 1083 1544 in
1095 1487 1157 1542 foro
1191 1487 1287 1552 noris,
1304 1491 1332 1542 ει
1345 1485 1427 1542 latius
1446 1486 1545 1543 Gerar.
1561 1479 1630 1557 int,
1645 1489 1675 1543 2.
1690 1501 1719 1556 p.
1734 1500 1798 1555 cap.
1813 1487 1841 1554 e,
1853 1479 1866 1548 ι
1877 1486 1904 1540 9.
1923 1482 1948 1538 in
1963 1481 1992 1538 fr-

356 1574 561 1646 conscientiae,
583 1573 654 1631 solet
672 1574 806 1633 ordinarie
825 1575 1010 1634 indifferenter
1024 1575 1158 1634 committi
1190 1591 1242 1649 ne,
1259 1574 1305 1632 ubi
1326 1575 1408 1632 refert
1427 1575 1618 1648 Praepositum
1637 1575 1810 1632 eontrarium
1833 1573 1991 1630 sentientem

244 1697 247 1702 -
356 1664 492 1736 personae
513 1663 610 1738 buius,
632 1665 675 1721 νει
689 1665 760 1721 illius
778 1665 931 1739 qualitatis,
947 1667 1030 1739 quam
1049 1666 1157 1738 dispen-
1192 1667 1219 1722 in
1235 1679 1298 1737 cap.
1318 1669 1379 1740 Qui
1392 1667 1490 1732 circo,
1509 1665 1543 1721 de
1556 1665 1737 1738 consanguin.
1755 1681 1784 1719 n.
1800 1665 1992 1733 20.·Respoa·

356 1753 460 1811 sandus
473 1753 594 1826 elegerit.
611 1753 688 1813 Unde
703 1755 772 1813 inter
787 1756 854 1814 baec
868 1756 924 1815 duo
940 1773 1039 1830 genera
1049 1756 1159 1830 delega-
1192 1754 1243 1812 deo
1257 1752 1433 1812 concedendo
1449 1760 1632 1826 assumptum,
1645 1753 1719 1826 quod
1731 1753 1800 1810 adeo
1811 1759 1854 1810 εει
1873 1758 1991 1824 certum,

357 1843 461 1900 tionum
482 1843 552 1900 haec
573 1849 616 1899 εει
634 1842 803 1919 differentia,
823 1845 897 1918 quod
917 1844 978 1920 illa,
993 1861 1063 1918 quae
1082 1847 1111 1902 ιι
1124 1860 1158 1903 ax
1193 1851 1224 1902 ut
1237 1845 1336 1902 Navar.
1352 1859 1437 1916 supra
1458 1842 1572 1917 dixerit,
1588 1842 1677 1900 solum
1692 1837 1798 1916 aliquos
1815 1840 1954 1914 simplides
1967 1841 1992 1896 in

345 1951 348 1956 ¹
357 1939 433 2005 parte
444 1933 640 2006 supplicantis,
653 1933 742 1992 dando
752 1935 791 1992 illi
806 1935 965 1993 facultatem
976 1935 1103 2009 eligendi,
1115 1940 1158 1992 est
1193 1951 1225 1991 eo
1236 1949 1296 1990 esse
1308 1949 1413 1991 errore.
1426 1933 1600 2005 Praepositus
1615 1939 1708 1989 autent
1723 1933 1816 1990 solum
1827 1929 1905 2003 dixit,
1920 1943 1993 1987 man·

357 2021 435 2080 favor
453 2023 540 2095 illius,
553 2038 607 2080 non
619 2039 752 2095 personae
766 2024 915 2098 delegatae.
926 2027 962 2082 At
972 2041 1037 2082 vero
1049 2023 1157 2098 quando
1193 2024 1288 2082 datum
1302 2021 1368 2080 illud
1382 2023 1482 2080 habere
1493 2022 1548 2079 rim
1559 2022 1781 2094 dispensationis,
1796 2021 1894 2095 utique
1909 2035 1993 2094 qusn-

359 2113 517 2170 commissio
540 2113 569 2170 fit
588 2113 740 2171 immediate
760 2115 808 2185 ipsi
824 2113 964 2188 delegato,
979 2131 1033 2172 non
1049 2129 1157 2188 semper
1193 2121 1251 2174 tum
1266 2121 1309 2172 est
1322 2129 1354 2171 ex
1369 2121 1446 2186 parte
1461 2113 1610 2171 Pontificis.
1626 2111 1703 2171 Unde
1718 2112 1827 2186 ridetur
1841 2110 1896 2167 diei
1914 2124 1992 2183 posse

358 2208 401 2259 est
415 2201 489 2260 fotor
504 2205 667 2276 dispensati,
684 2204 731 2260 εει
749 2203 921 2283 distinctione
935 2210 1070 2278 opusest.
1112 2261 1114 2266 s
1193 2205 1272 2278 quasi
1293 2202 1479 2262 conditionata
1492 2203 1675 2276 dispensatio,
1690 2217 1762 2275 quae
1777 2215 1917 2272 suspensa
1935 2199 1993 2273 qui-

401 2295 428 2350 3.
444 2291 520 2351 Unde
533 2299 577 2349 est
589 2293 711 2350 secunda
724 2292 876 2352 distinctio.
887 2296 954 2352 Nam
970 2294 1037 2352 haec
1051 2295 1159 2368 delega-
1193 2294 1256 2352 dem
1268 2299 1329 2364 εει,
1345 2300 1373 2351 ει
1387 2309 1442 2350 non
1456 2293 1537 2350 hebet
1550 2292 1689 2363 ellectum,
1702 2292 1789 2350 donec
1806 2291 1928 2349 conditio
1944 2291 1993 2345 im·

359 2384 397 2440 tio
418 2381 560 2454 aliquando
584 2383 612 2438 ιι
633 2382 666 2439 ad
686 2382 899 2454 dispensandum
921 2386 946 2441 in
968 2385 1036 2456 bae,
1058 2385 1099 2440 rel
1115 2384 1160 2440 illa
1193 2383 1320 2458 plentur,
1335 2399 1368 2440 ac
1386 2383 1501 2441 subinde
1515 2383 1603 2440 donec
1617 2382 1824 2439 commissarius
1843 2380 1990 2453 dispenset,

333 2479 339 2491 ‘
361 2473 421 2545 lege
442 2487 507 2528 cunt
528 2470 708 2529 determinate
728 2488 861 2545 persona;
876 2474 1011 2531 interdum
1030 2489 1094 2531 vero
1113 2473 1160 2530 ab·
1194 2477 1259 2550 qula
1278 2475 1324 2533 ille
1345 2474 1396 2532 fuit
1417 2473 1535 2532 conditio
1555 2475 1581 2530 in
1603 2471 1730 2530 mandato
1749 2473 1849 2545 posita.
1866 2471 1901 2528 Et
1915 2469 1993 2544 quid·

361 2561 449 2619 solute
470 2560 613 2634 delegatur
636 2560 753 2618 facultas
773 2563 948 2635 dispensandi
968 2567 995 2620 in
1017 2563 1065 2622 tali
1089 2564 1158 2638 lege,
1194 2565 1258 2640 quid
1274 2568 1308 2623 sit
1323 2565 1356 2638 de
1371 2581 1452 2621 sensu
1472 2565 1637 2636 praepositi,
1653 2569 1680 2620 et
1699 2563 1732 2620 ιε
1752 2561 1836 2620 modo
1853 2558 1990 2633 loquendi,

360 2651 436 2708 nulls
449 2653 586 2708 nominata
602 2666 733 2722 persona,
746 2666 812 2709 cuna
823 2667 878 2725 qua
891 2654 979 2726 possit
993 2651 1157 2724 dispensari,
1194 2655 1219 2713 in
1235 2672 1265 2713 rc
1283 2643 1382 2712 berum
1403 2660 1462 2726 εει,
1477 2652 1552 2727 quod
1572 2651 1617 2709 illa
1637 2653 1779 2711 concessio
1802 2650 1940 2709 Pontificis
1953 2654 1993 2704 est

362 2740 411 2798 εει
432 2739 631 2814 indifferentem
653 2747 681 2796 et
698 2741 773 2813 prior
793 2741 891 2799 modus
905 2742 1067 2816 regulariter
1083 2745 1112 2800 tit
1125 2742 1159 2800 ad
1194 2745 1272 2817 quasi
1288 2743 1494 2816 dispensatior'n
1510 2742 1581 2816 fieri,
1597 2741 1649 2799 iant
1664 2743 1735 2798 enim
1750 2739 1783 2798 ab
1810 2741 1858 2798 illo
1873 2737 1995 2811 procedit

362 2830 515 2903 petitionem
530 2829 614 2900 partis
629 2831 783 2900 ,posterior
797 2843 863 2887 vero
877 2831 997 2903 minime,
1011 2829 1160 2888 sedrelad
1195 2838 1326 2906 tanquam
1350 2831 1499 2905 approbata
1511 2831 1538 2888 in
1554 2846 1598 2900 so,
1613 2836 1642 2888 et
1655 2833 1681 2886 in
1695 2845 1780 2888 causa
1803 2829 1957 2902 proposita,
1972 2826 1992 2880 si

361 2921 521 2994 petitionem
545 2920 742 2992 commissarii,
757 2918 801 2976 rel
820 2927 896 2977 motu
911 2922 1018 2993 proprio
1033 2921 1160 2994 delegan-
1195 2926 1285 2978 tamen
1312 2936 1399 2978 cansa
1422 2935 1487 2976 rere
1510 2926 1567 2992 est,
1586 2918 1661 2994 quod
1681 2919 1758 2976 alteri
1783 2915 1992 2976 examinandum

362 3012 407 3067 tis.
428 3011 463 3066 Et
484 3008 543 3066 ideo
557 3008 666 3082 quando
681 3010 764 3081 priori
778 3008 860 3067 modo
875 3011 1038 3069 conceditur
1050 3010 1159 3084 delega·
1195 3012 1351 3069 committit.
1368 3011 1402 3067 tit
1416 3012 1491 3068 iusta
1505 3009 1558 3066 hoc
1568 3009 1751 3082 respondetur
1762 3007 1797 3065 nd
1815 3005 1993 3065 abiectionem

362 3102 416 3165 tio,
432 3114 487 3156 non
505 3107 635 3155 censetur
656 3099 731 3156 favor
749 3097 882 3173 delegati,
897 3100 946 3158 sed
959 3101 1034 3172 eius,
1050 3110 1161 3175 propter
1196 3100 1319 3175 negando
1334 3099 1575 3172 consequentiam,
1591 3100 1654 3172 quia
1668 3098 1732 3154 licet
1743 3097 1789 3154 illa
1804 3113 1860 3154 non
1876 3098 1911 3153 sit
1930 3111 1979 3152 eon

362 3203 445 3262 quent
461 3187 594 3261 delegatio
609 3189 653 3257 ιι,
673 3194 701 3244 ει
714 3190 759 3246 ειιι
774 3187 951 3247 concedenda
964 3197 1007 3247 est
1020 3190 1162 3263 dispensa·
1197 3198 1334 3250 summata
1352 3190 1533 3264 dispensatio,
1548 3196 1577 3248 et
1590 3187 1725 3261 formalis,
1740 3195 1783 3244 εει
1803 3187 1952 3255 inchoata,
1967 3188 1993 3239 ει

363 3280 422 3350 tin,
441 3285 500 3336 tum
516 3279 581 3349 quia
595 3276 628 3333 ad
642 3279 801 3350 petitionem
814 3281 873 3336 eius
887 3285 1017 3336 censetur
1031 3281 1158 3354 concedi,
1194 3281 1335 3352 virtualis,
1350 3287 1382 3338 ut
1402 3280 1442 3337 sie
1456 3278 1565 3351 dicam,
1582 3276 1697 3352 ideoque
1712 3291 1799 3349 aeque
1823 3275 1919 3332 odiosa
1932 3287 1994 3332 cen-

363 3374 422 3425 tum
435 3367 499 3440 quia
514 3366 549 3424 ad
561 3366 637 3434 illum
649 3365 776 3439 dirigitur
786 3368 942 3440 principalis
954 3369 1077 3443 intentio,
1089 3385 1161 3443 quae
1195 3379 1287 3444 setur,
1304 3386 1336 3428 ac
1351 3369 1459 3442 propria
1472 3368 1649 3441 dispensatio.

363 3457 389 3512 in
410 3456 450 3513 bis
470 3456 610 3528 rescriptis
632 3456 660 3511 in
680 3455 774 3528 primis
795 3456 994 3515 consideranda
1008 3465 1069 3528 εει,
1085 3460 1169 3516 iuxta·
1234 3460 1285 3518 Sed
1300 3459 1426 3517 instabis:
1443 3475 1505 3517 ram
1519 3459 1583 3515 lieet
1596 3457 1648 3514 boc
1663 3459 1700 3513 sit
1715 3456 1790 3514 valde
1803 3471 1950 3531 apparens,
1966 3459 1993 3510 st

363 3562 447 3619 supra
460 3545 534 3604 dieta
544 3547 578 3602 de
598 3547 822 3618 interpretatione
833 3546 936 3620 legum,
949 3555 977 3607 et
988 3549 1057 3606 infra
1071 3549 1161 3607 dicen·
1195 3549 1333 3624 probabile
1354 3550 1381 3604 in
1395 3548 1608 3619 commissione,
1623 3562 1694 3620 quae
1708 3546 1737 3603 fit
1755 3561 1803 3619 per
1821 3545 1990 3607 mandatum,

364 3636 399 3693 da
412 3636 445 3694 dc
460 3636 682 3709 interpretatione
699 3636 916 3710 privilegiorum.
928 3640 964 3695 dt
977 3653 1042 3695 vero
1053 3637 1162 3712 delega-
1195 3646 1354 3697 nontamen
1370 3638 1396 3695 in
1413 3637 1472 3711 illa,
1488 3652 1560 3711 quae
1573 3641 1679 3694 tentum
1691 3651 1739 3708 par
1753 3635 1868 3694 modum
1883 3631 1992 3692 faculta-

364 3727 403 3784 tlo
417 3727 489 3783 facta
509 3725 654 3798 posteriori
673 3724 775 3800 modo,
790 3732 919 3785 censetur
932 3727 1009 3783 favor
1021 3727 1097 3798 eius,
1114 3723 1161 3784 c'ui
1196 3732 1231 3786 tis
1244 3727 1335 3785 datur.
1350 3729 1418 3787 Nara
1438 3727 1464 3783 in
1482 3725 1565 3799 priori
1581 3724 1735 3797 procedunt
1754 3727 1848 3782 omnia
1861 3723 1950 3793 dicta,
1966 3725 1992 3775 ει

363 3817 394 3873 ιι
401 3815 552 3892 delegatio,
568 3821 599 3871 ut
609 3814 738 3887 religiosis
752 3815 946 3873 conceduntur
956 3815 1059 3872 similes
1074 3815 1162 3873 facul·
1195 3817 1254 3876 iden
1268 3817 1315 3874 illa
1329 3816 1381 3881 dici
1393 3814 1463 3872 solet
1474 3815 1639 3888 dispensatio
1650 3816 1815 3886 necessaris,
1829 3815 1895 3887 quia
1906 3812 1942 3868 ita
1951 3815 1992 3865 est

364 3911 432 3962 tates
445 3907 471 3962 in
489 3920 586 3990 eorum
601 3904 731 3962 favorem.
743 3905 801 3960 Hoc
816 3912 908 3962 autem
923 3905 1090 3962 limitandum
1105 3913 1159 3980 est,
1195 3923 1211 3964 a
1225 3906 1352 3964 Pontifice
1370 3919 1505 3963 concessa
1523 3903 1575 3961 sub
1589 3903 1633 3961 illa
1651 3901 1821 3961 conditione:
1840 3905 1875 3960 Si
1894 3912 1992 3975 preces

363 3996 414 4051 nisi
427 4011 461 4051 es
479 3993 584 4050 indulto
599 4000 723 4065 constet,
734 3996 910 4052 intentionem
921 3994 1070 4070 delegantis
1085 3995 1161 4069 dirigi
1194 4000 1319 4054 veritate
1332 3998 1482 4063 nitardum·
1497 4000 1529 4052 ut
1542 3998 1604 4066 post
1616 3992 1804 4065 exploratam,
1816 3999 1845 4050 cl
1857 3994 1991 4048 inventam

363 4083 549 4158 principaliter
574 4083 608 4140 ad
632 4082 752 4140 favorem
774 4097 891 4155 eorum,
917 4084 963 4155 qui
988 4083 1162 4156 dispensandi
1195 4088 1338 4144 veritatem
1354 4101 1407 4142 non
1422 4086 1509 4157 possit
1524 4083 1689 4156 dispensatio
1704 4082 1854 4156 negari,et
1871 4079 1992 4137 ideonon

364 4180 447 4229 sunt:
464 4189 524 4228 nam
546 4177 612 4228 tune
630 4170 740 4228 illorum
761 4171 944 4242 principaliter
957 4179 1161 4231 censeturesse
1195 4176 1331 4234 immerito
1353 4175 1386 4232 de
1405 4173 1451 4232 tali
1474 4173 1555 4230 modo
1580 4172 1783 4246 concessionis,
1808 4179 1837 4229 et
1864 4167 1990 4235 mandati,

363 4251 465 4336 gratia',
481 4260 587 4318 etiamsi
601 4261 627 4317 in
641 4259 801 4332 particulari
816 4275 870 4318 noa
883 4259 1113 4336 determinentur,
1130 4268 1160 4320 ut
1194 4266 1306 4340 perinde
1316 4279 1348 4322 ac
1362 4265 1396 4322 de
1410 4265 1628 4336 dispensatione,
1640 4262 1779 4320 iudicatur
1790 4260 1882 4335 quoad
1898 4256 1990 4316 nestri·
2026 4295 2030 4304 .

363 4359 439 4426 patet
459 4352 484 4408 in
503 4350 585 4407 bullis
599 4350 758 4423 cruciatae,
773 4355 801 4408 et
818 4351 843 4406 in
858 4348 965 4408 lubileis
980 4351 1082 4410 similes
1095 4368 1160 4428 gra·
1195 4357 1330 4428 ctionem,
1345 4354 1388 4410 rel
1409 4353 1513 4411 odium.
1535 4355 1571 4408 ιιι
1582 4366 1650 4409 aero
1669 4353 1696 4408 in
1711 4351 1854 4424 posteriori
1874 4351 1904 4407 ιι
1917 4361 1990 4404 conr-

363 4444 414 4500 liaa
428 4440 636 4498 continentibus·
790 4459 795 4468 ·
1009 4469 1011 4476 v
1196 4447 1289 4502 missio
1304 4443 1401 4516 libers,
1417 4445 1500 4500 itaut
1515 4440 1676 4515 simpliciter
1689 4441 1863 4515 relinquatur
1886 4437 1992 4508 dispen-

403 4536 431 4590 l.
449 4528 600 4588 Dicendum
620 4543 688 4601 ergo
708 4535 752 4586 est
771 4530 873 4602 primo,
889 4527 1087 4604 delegationem
1105 4531 1161 4589 dis·
1196 4534 1263 4592 satio
1278 4535 1304 4590 in
1318 4533 1431 4590 arbitrio
1446 4530 1639 4604 commissarii,
1651 4538 1764 4602 propter
1778 4527 1853 4602 quod
1868 4527 1926 4585 talis
1940 4523 1991 4580 dis·

365 4619 545 4696 peccationis,
558 4633 628 4693 quae
643 4619 673 4675 ιι
687 4617 775 4674 medis
786 4617 914 4677 facultate
926 4623 989 4678 data
1001 4621 1082 4679 alictti
1095 4638 1161 4696 sup·
1194 4624 1317 4696 pensatio
1331 4620 1486 4678 voluntaria
1501 4610 1630 4692 appellari
1642 4617 1721 4677 solet.
1735 4619 1782 4676 llls
1797 4634 1864 4692 ergo
1876 4617 1989 4683 nonest,

364 4709 476 4784 plicanti
491 4708 524 4765 ad
537 4707 687 4782 eligendam
699 4722 934 4782 personamque
946 4711 1161 4783 aecumdispsn·
1196 4728 1248 4770 cur
1268 4709 1463 4786 aequiparetur
1483 4708 1691 4782 dispensationi,
1712 4709 1777 4782 quis
1796 4723 1848 4765 nec
1871 4703 1990 4764 absoluta

364 4809 424 4872 set,
445 4815 505 4856 esse
526 4798 666 4871 odiosam,
687 4813 720 4854 ac
740 4797 855 4855 subinde
873 4799 967 4856 stricte
982 4801 1161 4873 interpretaa·
1195 4800 1362 4874 dispensatio
1376 4806 1430 4871 est,
1445 4813 1496 4856 aec
1508 4797 1708 4870 conditionata,
1723 4811 1775 4854 nec
1788 4813 1821 4853 en
1832 4794 1989 4852 necessitate

364 4894 436 4952 dam.
453 4891 529 4948 lianc
543 4891 722 4946 assertionem
744 4887 823 4960 posui
837 4888 863 4945 in
878 4887 950 4945 dicto
964 4887 1012 4945 lib.
1027 4894 1054 4948 ι.
1068 4891 1101 4948 ιε
1113 4907 1160 4947 ro·
1195 4888 1425 4964 dispensationem
1446 4887 1548 4960 infert,
1569 4889 1650 4944 etiam
1670 4887 1808 4943 verificam
1827 4884 1986 4951 narratione,

363 4990 404 5054 to,
420 4996 482 5052 cap.
503 4982 547 5049 ιιι,
562 4984 590 5034 et
600 4992 687 5039 carme
703 4978 807 5033 fortiori
821 4983 913 5034 tenent
925 4984 1054 5035 auctores
1066 4994 1160 5036 omnes
1196 4997 1248 5038 non
1268 4986 1312 5037 est
1332 4993 1399 5052 ergo
1420 4993 1471 5036 cur
1492 4979 1687 5050 aequiparetur
1707 4976 1922 5048 dispensationi,
1943 4968 1988 5026 sed

363 5069 467 5129 citandi
482 5069 509 5124 in
524 5067 673 5124 assertione
687 5067 822 5140 sequenti.
837 5067 917 5124 Ratio
930 5069 1091 5126 assertionis
1104 5075 1157 5142 est,
1196 5077 1327 5143 tanquam
1351 5066 1408 5124 sola
1431 5073 1554 5139 potestas
1578 5064 1751 5139 dispensandi
1776 5063 1919 5123 iudicanda
1938 5063 1987 5130 est,
2059 5099 2061 5103 ,

362 5157 609 5236 quiaillafacultas
621 5161 849 5230 quantumestes
862 5158 1160 5230 partePontificis,seu
1196 5161 1274 5217 iusta
1295 5173 1472 5216 communem
1493 5156 1647 5214 doctrinam
1667 5154 1879 5228 distinguentem
1898 5155 1925 5209 in
1938 5150 1988 5207 boc

365 5248 512 5327 principis,
527 5254 570 5306 ert
583 5246 724 5305 concessio
744 5244 969 5322 dispensationis,
986 5245 1034 5304 εει
1049 5246 1156 5321 ιιερεε-
1196 5249 1269 5308 inter
1282 5245 1515 5321 dispensationem
1525 5249 1553 5304 st
1562 5249 1730 5317 potestatem
1741 5243 1925 5318 dispensandi.
1939 5239 1987 5297 lte·
