4260 6222
434 357 496 421 478
1089 391 1091 404 ·
1129 374 1230 425 arnna
1245 376 1320 426 vrrr.

395 499 520 558 clausula
544 501 677 574 generalis
698 502 901 576 comprehendit
917 504 1040 576 species,
1056 507 1191 575 quantum
1228 501 1401 558 nunciationc
1418 501 1559 577 privilegii,
1573 519 1622 577 per
1636 519 1718 578 quarn
1729 505 1806 582 alteri
1817 505 1859 561 ius
1871 504 2010 578 confertur,

395 597 504 664 polest,
523 592 597 649 salua
611 596 718 651 ratione
733 595 815 666 iuris,
827 601 855 652 et
868 595 936 652 recti
947 595 1097 663 sermonis,
1110 608 1194 666 argu·
1228 590 1270 647 vel
1287 606 1320 649 er
1331 607 1386 664 qua
1397 593 1519 650 nascitur
1529 593 1658 668 obligatio
1670 602 1798 668 respectu
1810 595 1931 667 alterius,
1943 597 2011 653 cuius

395 688 485 737 mento
501 681 519 737 l.
532 686 558 738 si
571 699 609 740 eac
620 683 767 757 pluribus,
782 685 809 740 ff.
822 684 855 742 de
871 684 954 742 solut.
967 700 1033 764 curn
1045 682 1190 741 similibus.
1228 682 1380 752 acceptatio
1400 683 1573 754 postulatur,
1588 692 1794 759 propterquam
1807 685 2013 758 aliquacxlerior

394 772 472 828 Sicut
492 772 563 828 enim
583 787 735 830 consensus
756 791 809 832 aon
830 774 986 834 extenditur
1001 774 1033 832 ad
1050 789 1102 832 non
1116 773 1192 846 cogi·
1229 770 1406 828 manifestatio
1424 775 1580 829 necessaria
1593 779 1645 830 est.

393 868 465 928 ιειε,
487 877 538 918 nec
560 863 742 922 uerisimiliter
762 865 960 936 comprehensa
981 866 1032 922 sub
1053 864 1191 935 cogitatis,
1267 860 1351 932 Igitur
1373 868 1477 919 tantum
1497 871 1623 934 superest
1641 865 1786 936 quaestio,
1801 862 1911 937 quando
1925 880 2012 921 renuo·

329 999 339 1008 ,
392 952 428 1008 ita
439 966 489 1008 aec
502 955 682 1023 renunciatio,
695 956 759 1027 quia
770 969 938 1013 consensum
951 955 1075 1028 requirit.
1088 955 1123 1010 Ει
1132 953 1192 1010 ideo
1229 949 1311 1007 ciatio
1325 951 1355 1006 ιι
1369 951 1458 1008 solum
1470 952 1561 1025 quoad
1573 953 1771 1012 abdicationem
1783 954 1914 1028 privilegii
1924 954 1955 1010 ab
1965 954 2014 1026 ipso

394 1039 445 1096 sub
466 1041 571 1099 formali
593 1043 734 1100 voluntate
753 1043 1010 1116 comprehendimus
1026 1045 1084 1100 illas
1099 1042 1193 1098 condi·
1229 1042 1425 1111 renunciante,
1448 1057 1481 1097 en
1503 1043 1560 1099 sola
1581 1043 1708 1102 voluntas
1729 1045 1868 1114 sufficiat,
1884 1051 1915 1101 ει
1935 1044 2015 1102 redeat

394 1133 494 1202 tiones,
514 1147 583 1204 quae
598 1131 631 1188 ad
646 1132 832 1191 voluntarium
848 1150 1016 1191 consensum
1026 1176 1032 1204 ,
1044 1141 1072 1190 et
1083 1131 1116 1189 ad
1126 1147 1193 1188 con·
1229 1128 1368 1200 obligatio,
1380 1144 1510 1202 quac-per
1521 1132 1692 1206 privilegium
1704 1132 1794 1190 iuerat
1804 1133 2016 1190 subiata.Erem-

393 1219 554 1277 trahendum
574 1237 623 1277 seu
638 1237 666 1277 se
681 1221 856 1294 obligandum
871 1223 1040 1280 sufficientes
1051 1237 1082 1278 ac
1097 1235 1192 1278 ncces·
1230 1217 1282 1289 plis
1303 1217 1477 1290 declaratur,
1498 1226 1529 1276 ut
1551 1223 1573 1277 si
1599 1221 1699 1279 habens
1723 1223 1895 1297 privilegium
1915 1223 2015 1296 eligendi

393 1311 479 1366 suriae
503 1315 577 1366 suot.
593 1312 628 1368 Ut
648 1309 722 1383 quod
743 1328 796 1368 noo
817 1312 852 1369 sit
872 1313 998 1369 uoluntas
1016 1319 1135 1382 coacta,
1152 1310 1192 1366 rel
1230 1307 1428 1379 consessorem,
1446 1309 1508 1366 velit
1523 1327 1551 1368 se
1565 1310 1612 1368 illo
1626 1313 1754 1384 privare,
1770 1314 1808 1369 ita
1823 1319 1855 1369 ει
1869 1328 1922 1369 non
1940 1312 2016 1370 solun

394 1415 443 1471 per
460 1397 570 1470 dolum,
595 1397 800 1472 deceptionem,
817 1409 865 1459 aut
879 1401 993 1457 similem
1009 1401 1134 1457 iniuriam
1147 1415 1193 1455 err-
1233 1397 1295 1452 velit
1315 1397 1361 1454 illo
1376 1414 1430 1454 uon
1446 1401 1500 1468 uti,
1516 1399 1661 1457 sedetiam
1676 1400 1845 1457 nonhabere
1860 1402 1886 1457 in
1902 1416 1930 1456 se
1948 1401 2017 1456 talem

394 1498 479 1560 torta3
498 1505 560 1546 nam
575 1490 596 1545 si
611 1490 678 1547 haec
690 1490 832 1562 deficiant,
845 1508 897 1548 non
906 1490 1063 1548 censebitur
1073 1505 1133 1546 esse
1147 1506 1192 1546 ro·
1232 1493 1405 1557 potestatem.
1424 1487 1495 1544 idern
1509 1488 1542 1544 de
1556 1488 1669 1546 habente
1685 1491 1857 1563 priuilegium
1874 1489 2018 1546 comedendi

393 1579 485 1636 luntas
503 1578 652 1635 sufficiens.
666 1581 733 1647 Quia
744 1580 838 1638 eadem
849 1588 891 1637 est
903 1581 972 1637 ratio
983 1579 1017 1636 de
1029 1580 1079 1636 bac
1092 1595 1192 1636 renun—
1232 1573 1383 1645 lacticinia,
1401 1576 1441 1633 vel
1464 1577 1586 1650 erigendi
1606 1578 1743 1648 decimas,
1760 1587 1809 1636 aut
1824 1579 1939 1650 tributa,
1954 1589 1978 1636 et
1989 1580 2016 1634 si·

393 1669 507 1724 ciatiooe
522 1711 529 1738 ,
545 1683 617 1740 quae
632 1667 665 1725 de
679 1669 736 1725 aliis
751 1670 957 1740 contractibus,
970 1669 1010 1726 vel
1022 1669 1194 1741 obligationi·
1231 1665 1350 1738 milibus,
1370 1667 1402 1722 de
1416 1683 1472 1739 qua
1487 1683 1515 1725 re
1528 1667 1593 1724 nihil
1606 1669 1713 1725 tarento
1725 1669 1831 1726 dictum
1843 1686 1859 1726 a
1869 1669 2016 1726 doctoribus

393 1757 1194 1831 bus,rrtlaleperSocia.cons.263,rolum.2,alplu·
1231 1755 1257 1810 in
1271 1757 1381 1842 propria
1397 1758 1584 1828 speeie,curn
1600 1764 1690 1815 tamen
1705 1775 1750 1815 res
1763 1758 1920 1817 dubitabilis
1935 1762 2017 1827 sit,et
2100 1757 2101 1804 l

393 1863 424 1904 ra
438 1847 562 1918 congerit
581 1848 683 1904 Tuscis.
701 1849 739 1904 lit.
756 1851 794 1919 Ιι,
811 1849 902 1905 εεεει.
924 1852 993 1918 lbi,
1014 1853 1079 1920 168,
1100 1850 1161 1905 169.
1232 1844 1357 1902 videatur
1375 1862 1435 1904 esse
1448 1847 1656 1906 fundamentum
1668 1849 1796 1922 aliarum,
1808 1848 1843 1906 da
1855 1849 1951 1922 qrribus
1962 1865 2016 1906 con-

435 1944 461 1995 8.
481 1937 520 1995 nd
536 1940 768 1995 confirmationem
784 1939 952 2010 responden,
969 1939 1054 2012 siquis
1071 1937 1133 1994 velit
1148 1939 1195 1994 ali·
1233 1943 1380 2009 sequenter
1394 1937 1445 1993 erit
1459 1953 1559 1994 sermo.

395 2025 460 2100 quid
477 2042 632 2099 repugnans
648 2029 709 2086 usui
725 2028 872 2101 privilegii,
886 2045 938 2084 noo
950 2036 1094 2100 perpetuo,
1108 2027 1154 2084 sed
1167 2029 1193 2084 in
1275 2029 1318 2081 10.
1334 2024 1412 2092 Quod
1426 2041 1491 2099 ergo
1508 2027 1559 2083 boc
1578 2027 1700 2087 sufficiat
1713 2029 1748 2086 ad
1761 2030 1934 2088 amissionem
1953 2030 2018 2100 priri-

394 2115 486 2189 aliqua
506 2118 667 2188 occasione,
686 2116 728 2172 vel
744 2117 898 2190 proaliquo
916 2125 1056 2189 ternpore,
1073 2117 1133 2174 talis
1148 2134 1195 2174 ro·
1231 2113 1308 2188 legii,
1330 2114 1441 2171 ridetur
1461 2115 1569 2173 suaderi
1591 2134 1685 2191 posse,
1702 2120 1808 2192 primo,
1824 2121 1891 2193 quia
1909 2119 2017 2176 adhunc

393 2205 485 2263 luntas
506 2205 539 2262 de
558 2221 588 2263 sc
601 2223 654 2262 non
671 2205 776 2263 srri'ricit
789 2206 823 2263 ad
837 2207 1071 2264 renunciationem
1086 2205 1195 2278 privile·
1230 2203 1359 2265 ellectum
1377 2220 1431 2262 non
1446 2213 1490 2262 est
1502 2208 1654 2264 necessaria
1668 2209 1822 2280 acceptatio
1844 2209 1965 2274 alterius,
1981 2223 2016 2262 ne·

394 2295 447 2368 gii,
458 2294 520 2366 quia
536 2311 587 2351 nee
602 2295 724 2352 virtualis
737 2296 862 2353 voluntas
872 2295 978 2352 censeri
993 2300 1092 2368 potest.
1106 2299 1140 2353 nt
1151 2310 1196 2352 rc·
1213 2307 1285 2369 ,que
1301 2295 1382 2350 etiam
1400 2300 1429 2351 ut
1444 2294 1489 2351 illa
1504 2296 1631 2353 voluntas
1647 2303 1710 2355 nota
1724 2299 1770 2354 bat
1787 2298 1861 2370 aliis3
1877 2314 1940 2371 ergo
1957 2297 2017 2354 nulla

394 2399 425 2439 ro
440 2384 525 2455 siquis
543 2385 606 2441 sciit
620 2384 720 2456 aliquid
733 2399 888 2457 repugnans
900 2387 950 2457 ipsi
962 2384 1101 2458 privilegio
1110 2386 1138 2441 in
1150 2400 1190 2456 εε,
1232 2385 1381 2441 necessitas
1395 2391 1437 2440 est
1450 2377 1670 2444 manifestationis
1684 2389 1828 2444 anterioris
1847 2386 1918 2445 illius
1936 2386 2016 2443 uolun-

395 2476 460 2544 quia
480 2473 548 2530 tollit
566 2474 773 2538 fundamentum
789 2475 865 2546 eius,
882 2475 922 2531 rel
939 2481 1071 2548 perpetuo
1093 2473 1196 2530 inhabi·
1231 2475 1312 2544 tatis,
1326 2489 1392 2546 ergo
1404 2474 1462 2530 sola
1476 2474 1602 2531 voluntas
1613 2476 1717 2533 interna
1728 2476 1841 2534 sufficit.
1864 2475 2016 2533 antecedens

396 2562 454 2618 litat
474 2562 508 2618 ad
523 2579 604 2620 usum
618 2565 695 2636 eius,
710 2571 777 2620 tunc
792 2565 837 2621 illa
853 2563 980 2622 voluntas
994 2572 1125 2622 censetur
1138 2565 1195 2623 sul·
1231 2562 1448 2636 probatur,quia
1459 2563 1503 2621 illa
1515 2566 1665 2636 acceptatio
1677 2566 1718 2622 rel
1729 2566 1934 2623 estnecessaria
1948 2565 1969 2621 iu
1979 2565 2016 2620 ali·
2100 2573 2101 2606 r

394 2652 540 2720 liciensad
566 2669 723 2725 expressam
744 2653 976 2712 renunciationem
999 2654 1147 2727 privilegii,
1168 2660 1195 2711 et
1231 2668 1286 2724 quo
1303 2653 1394 2723 tertio,
1410 2653 1559 2726 relinipao
1574 2655 1726 2727 superiore,
1738 2658 1785 2729 qui
1802 2655 1968 2730 privilegium
1979 2655 2015 2712 da·
2100 2651 2101 2678 ³

396 2742 450 2799 dici
466 2748 558 2814 potest
571 2744 698 2800 voluntas
712 2744 833 2801 formalis
846 2761 878 2802 err
893 2751 970 2816 parte
984 2745 1114 2814 volentis,
1131 2744 1195 2802 licet
1231 2740 1279 2814 ιιι,
1289 2740 1872 2819 nullusenirnaliuscogitaripotest,inquo
1883 2746 2015 2802 necessaria
2100 2767 2101 2826 p

395 2847 428 2887 ex
449 2837 527 2903 parte
550 2832 648 2889 obiecti
663 2832 787 2890 virtualis
801 2834 851 2906 sit,
867 2848 931 2890 curn
948 2833 997 2889 bac
1013 2833 1083 2889 enim
1098 2834 1195 2904 ampli·
1231 2834 1285 2902 sit,
1302 2839 1432 2889 neutrum
1446 2839 1537 2889 autem
1552 2833 1606 2890 dici
1627 2841 1725 2906 potest.
1741 2836 1867 2893 Primum
1883 2836 2015 2894 urembruu
2100 2829 2101 2892 l

396 2921 490 2978 tudine
509 2920 714 2994 intelligendum
731 2922 783 2979 lroc
797 2929 854 2995 est,
866 2924 992 2996 quamvis
1005 2924 1030 2978 in
1046 2923 1098 2980 boc
1113 2923 1193 2980 modo
1230 2921 1376 2994 probatur,
1388 2922 1452 2994 qrria
1465 2923 1632 2979 renunciatio
1645 2940 1698 2980 non
1710 2923 1759 2981 dat
1769 2925 1812 2980 ius
1825 2924 1913 2992 alteri,
1923 2931 1951 2981 ul
1965 2941 2017 2996 sup·

395 3024 504 3080 semper
529 3009 671 3067 anulletur
691 3013 863 3086 privilegium
884 3028 916 3070 ex
937 3012 996 3069 aliis
1011 3013 1149 3085 principiis
1168 3021 1195 3070 et
1230 3012 1368 3084 ponimus,
1385 3011 1432 3067 sed
1447 3017 1553 3068 tantum
1565 3012 1697 3070 auiertab
1708 3013 1841 3084 habente,
1854 3029 1918 3086 ergo
1931 3016 2014 3085 imper·

395 3101 504 3169 causis,
523 3105 631 3170 praeter
645 3102 892 3159 renunciationem.
1232 3101 1320 3158 tineas
1340 3106 1382 3156 est
1404 3103 1557 3172 acceptatio
1573 3101 1699 3168 alterius,
1715 3103 1782 3158 haec
1797 3103 1873 3160 enim
1889 3103 1969 3158 solurn
1981 3117 2014 3157 re·

438 3195 466 3247 ll.
483 3188 535 3246 Sed
558 3191 651 3264 quaeri
673 3198 762 3262 potest
776 3194 850 3248 circa
865 3192 935 3248 hanc
950 3199 1071 3263 partem,
1088 3209 1121 3249 an
1137 3192 1194 3250 sola
1231 3189 1302 3263 quiri
1324 3190 1394 3246 solet
1414 3197 1524 3262 propter
1543 3193 1671 3249 ellectum
1686 3191 1817 3249 moralem
1832 3192 1860 3249 in
1878 3192 1929 3248 alio
1944 3191 2014 3247 rosal·

395 3280 521 3338 voluntas
538 3281 652 3338 interior
667 3282 742 3338 nullo
755 3281 882 3338 exteriori
898 3283 976 3354 signo
988 3282 1104 3340 indicata
1117 3283 1193 3340 subi·
1231 3287 1344 3337 tantem.
1362 3281 1396 3336 Et
1416 3280 1483 3336 baec
1507 3281 1575 3336 ratio
1597 3280 1694 3352 probat
1712 3282 1794 3338 etiarn
1816 3283 1931 3339 alterrrm
1944 3298 2012 3336 narar-

393 3371 449 3426 ciat
469 3369 502 3426 ad
528 3369 599 3426 banc
614 3371 743 3443 privilegii
758 3371 1004 3428 renunciationem.
1021 3374 1094 3440 Quae
1110 3373 1194 3429 inter·
1231 3370 1312 3426 bruna
1327 3370 1360 3427 de
1376 3369 1553 3426 concedente.
1567 3372 1761 3444 Praeterquam
1777 3370 1854 3444 quod
1871 3371 1912 3427 ille
1926 3387 1939 3426 a
1955 3372 2012 3441 priu·
2100 3417 2101 3422 ,

394 3461 501 3532 rogatio
525 3459 615 3516 solum
636 3459 693 3516 ficri
714 3467 806 3530 potest
823 3461 849 3514 iu
866 3461 959 3517 ordine
974 3459 1008 3516 ad
1023 3460 1112 3518 lorum
1127 3477 1194 3518 con·
1231 3461 1301 3531 cipio
1321 3457 1396 3515 dedit
1410 3459 1580 3530 privilegium
1596 3459 1779 3532 dependenter
1794 3477 1809 3516 a
1824 3462 1955 3518 voluntate
1970 3461 2012 3529 pri·
2100 3477 2101 3480 ¹

395 3549 534 3619 scientiam
551 3563 614 3604 nam
628 3550 655 3604 ιε
669 3551 793 3606 exteriori
805 3551 864 3606 loro
875 3556 999 3622 constat,
1013 3556 1104 3606 actum
1121 3565 1194 3608 mere
1231 3547 1369 3619 plagiarii,
1382 3555 1411 3603 et
1423 3549 1460 3603 ita
1473 3553 1538 3604 tunc
1554 3549 1653 3604 virtute
1665 3548 1814 3620 concessit,
1829 3555 1862 3606 ει
1875 3555 1961 3621 posset
1970 3545 2012 3617 pri·

275 3699 284 3716 ¹
394 3639 531 3695 internum
554 3638 618 3695 nihil
638 3641 760 3710 operari,
779 3646 809 3696 ει
829 3654 912 3710 supra
931 3639 1074 3697 tractando
1091 3639 1125 3696 da
1140 3657 1196 3697 rna·
1230 3635 1386 3710 vilegiarius
1400 3635 1534 3694 dimittere
1550 3637 1738 3710 privilegium,
1752 3640 1774 3694 si
1790 3638 1882 3710 vellet,
1901 3653 2010 3711 ergonuu

395 3727 461 3785 teria
476 3728 543 3801 legis
559 3727 690 3800 diximus,
703 3735 732 3785 et
746 3727 815 3786 idem
826 3731 905 3786 estin
918 3730 1104 3786 contractibus
1119 3736 1145 3786 ct
1161 3733 1196 3788 si·
1229 3733 1272 3783 est
1291 3741 1342 3783 cur
1362 3741 1395 3782 ex
1416 3733 1493 3798 parte
1513 3727 1585 3782 illius
1605 3743 1675 3783 nova
1689 3729 1847 3800 acceptatio
1865 3728 2009 3800 requiratur.

394 3818 512 3874 anilibus.
530 3819 564 3874 Et
577 3819 640 3875 hinc
656 3819 699 3890 lit,
716 3827 745 3874 ut
760 3821 866 3891 quotics
881 3819 1049 3876 renunciatio
1065 3820 1125 3876 talis
1141 3827 1193 3894 est,
1230 3817 1265 3874 Et
1280 3815 1329 3870 bae
1343 3815 1462 3872 rationes
1473 3815 1691 3888 probanteliam,
1704 3833 1757 3874 non
1775 3833 1836 3874 esse
1850 3819 2011 3875 necessariam

394 3914 426 3964 ut
439 3907 463 3962 ia
479 3908 594 3979 gratiam
616 3907 727 3964 alterius
739 3909 800 3979 bat,
814 3908 848 3964 ita
863 3917 893 3964 ut
906 3908 947 3967 vel
960 3912 1002 3964 ius
1015 3909 1050 3964 illi
1063 3911 1193 3982 remittat,
1231 3906 1372 3970 notitiam,
1386 3905 1446 3976 quia
1459 3904 1525 3962 hacc
1541 3911 1650 3976 propter
1662 3907 1881 3978 acceptationem
1897 3906 2010 3962 solesm-

395 3996 436 4052 vcl
455 3994 593 4066 conserat,
617 4003 665 4051 aut
684 3994 888 4069 obligationem,
904 4001 1058 4054 necessaria
1073 3998 1107 4055 sit
1122 4006 1195 4055 erte·
1230 3994 1300 4051 xime
1313 3995 1425 4067 requiri.
1436 3995 1525 4051 Prima
1537 4009 1601 4051 vero
1613 3983 1808 4068 consequentia
1822 4005 1887 4054 nota
1898 4004 1945 4066 εει,
1960 3995 2010 4067 quia

395 4087 452 4142 rior
467 4083 649 4142 manifestatio
665 4085 823 4142 voluntatis.
839 4087 916 4143 Ratio
931 4092 984 4155 ost,
998 4087 1061 4158 quia
1076 4087 1134 4144 sola
1149 4103 1197 4143 ro·
1230 4083 1349 4140 exterior
1370 4083 1549 4139 manifestatio
1571 4085 1720 4141 voluntatis
1741 4088 1863 4143 internae
1883 4085 1965 4144 solum
1984 4080 2009 4136 ad

395 4176 486 4233 luntas
509 4177 632 4244 interna,
649 4175 691 4231 vel
710 4176 854 4246 promissio
873 4177 992 4232 eutarius
1007 4193 1061 4232 non
1077 4176 1196 4235 indicata
1232 4173 1280 4230 lros
1296 4173 1410 4229 ellectus
1425 4179 1586 4244 potestesse
1601 4175 1771 4245 necessaria,
1784 4182 1815 4232 ει
1830 4177 1855 4230 ιε
1877 4169 2009 4232 huiusmodi

394 4282 449 4321 non
467 4264 572 4322 inducit
590 4263 781 4337 obligationem
796 4263 829 4319 ad
844 4264 995 4338 bominem3
1013 4281 1073 4322 nam
1089 4265 1140 4322 hoe
1154 4274 1195 4328 est
1230 4261 1433 4334 quaestionibus
1454 4279 1548 4320 ornnes
1567 4253 1686 4321 latentur
1700 4272 1728 4320 et
1742 4264 1851 4322 ridetur
1873 4280 1918 4338 per
1930 4280 1955 4319 sa
1967 4261 2009 4317 cla·

393 4357 535 4427 proprium
555 4352 759 4424 promissionis,
776 4369 846 4426 quae
862 4356 923 4422 Deo,
936 4354 980 4425 fit,
997 4362 1026 4411 ει
1040 4357 1067 4409 ιε
1083 4355 1195 4412 materia
1231 4368 1303 4409 rum.
1316 4352 1393 4409 Unde
1407 4352 1480 4409 sicut
1495 4355 1522 4408 in
1534 4355 1714 4424 promissione
1726 4355 1760 4412 ad
1774 4357 1860 4413 Deum
1876 4371 1926 4412 non
1937 4351 2009 4423 requi·

393 4445 426 4502 de
441 4445 542 4501 iustitia
564 4443 617 4500 late
637 4448 786 4514 tractatur,
802 4450 830 4500 ει
849 4442 932 4498 uideri
948 4451 1064 4515 possunt
1079 4446 1195 4500 Sancius
1231 4443 1300 4498 ritur
1310 4449 1424 4498 externa
1438 4441 1565 4514 prolatio,
1578 4443 1642 4515 quia
1656 4447 1727 4501 bens
1741 4445 1867 4502 intuetur
1884 4460 1938 4515 cor,
1952 4441 2007 4497 ittir

393 4535 439 4592 lib.
452 4539 475 4592 l.
489 4533 522 4589 de
533 4533 653 4606 sponsal.
674 4532 744 4604 disp.
759 4537 858 4604 3,ει6,
868 4533 948 4588 Cord.
962 4536 988 4589 in
1000 4534 1077 4591 Sum.
1090 4549 1118 4606 q.
1130 4538 1191 4592 133.
1230 4533 1452 4598 renunciatione,
1467 4548 1549 4604 quam
1564 4531 1645 4589 horno
1661 4533 1725 4592 iacit
1738 4535 1829 4592 solunt
1849 4537 1874 4591 in
1888 4531 1971 4590 ordine
1982 4526 2007 4584 ad

392 4625 428 4682 Et
448 4625 474 4680 ιε
499 4622 661 4702 particulari
683 4622 773 4678 intent
794 4628 939 4694 auctores,
963 4623 1009 4694 qui
1024 4622 1135 4695 dicunt,
1152 4638 1195 4679 re·
1230 4636 1277 4690 se,
1293 4637 1346 4677 non
1360 4622 1689 4680 estnecessariacxtarna
1701 4624 1831 4696 prolatio,
1849 4620 2008 4698 quiapropris

392 4714 595 4774 nunciationem
614 4713 745 4786 privilegii
760 4728 814 4768 non
829 4725 889 4768 esse
903 4713 1126 4785 irrevocabilem,
1142 4714 1194 4768 nisi
1230 4709 1355 4768 noluntas
1370 4713 1476 4768 interna
1487 4711 1536 4768 sibi
1547 4714 1614 4769 satis
1626 4720 1691 4770 nota
1702 4720 1753 4771 est.
1766 4715 1802 4771 Et
1812 4714 1850 4771 ita
1865 4715 1940 4770 etiarn
1951 4712 2008 4782 patet

392 4804 474 4862 sitab
488 4804 538 4860 alio
554 4809 714 4874 acceptata,
729 4803 793 4874 quia
813 4801 967 4873 aequivalet
982 4801 1134 4871 donationi,
1151 4802 1191 4858 vel
1230 4798 1352 4857 secunda
1364 4801 1570 4874 consequentia,
1588 4803 1653 4873 quin
1669 4805 1778 4874 propria
1792 4804 1914 4860 voluntas
1929 4799 2007 4856 edicas

391 4894 565 4968 obligationi,
584 4898 614 4949 ει
628 4893 747 4948 εεειιιεε
765 4906 798 4948 ex
820 4891 917 4949 Glossa
931 4893 957 4947 in
972 4907 1035 4964 cap.
1055 4893 1133 4950 Cum
1146 4907 1191 4948 oe·
1229 4897 1272 4948 eet
1284 4888 1318 4946 de
1334 4904 1361 4946 se
1376 4889 1516 4948 sufficiens
1538 4889 1572 4946 ad
1595 4891 1808 4964 relinquendum
1834 4891 1964 4964 proprium
1975 4887 2007 4941 ius

391 4988 519 5052 scissent,
544 4983 577 5040 de
597 4997 629 5038 eo
650 4984 698 5054 qui
719 4981 811 5038 mittit.
827 4982 853 5038 ιε
875 4983 1091 5053 possessionem,
1108 4981 1190 5038 verbo
1229 4987 1256 5037 et
1271 4981 1408 5051 levorem,
1424 4981 1525 5037 utiura
1539 4996 1624 5054 supra
1640 4981 1722 5038 alluta
1735 4983 1861 5054 probant.

285 5064 293 5082 ⁴
392 5071 513 5141 obtolit,
532 5069 1193 5141 ctibinotatBald.u.8,latirrslasonaliosad·
1272 5073 1315 5128 ιι.
1333 5065 2007 5145 Possurnusseeundoargumentari,quiaideoin
2100 5073 2101 5076 ’

391 5162 497 5219 (ιεεεεε
515 5162 540 5218 ιε
557 5162 575 5218 l.
590 5165 750 5235 postquam
765 5159 820 5224 liti,
835 5159 866 5215 C.
880 5159 914 5216 de
926 5160 1024 5233 pactis,
1036 5176 1063 5215 n.
1082 5166 1106 5217 1.
1120 5163 1192 5217 ιιεεε
1228 5160 1359 5233 principio
1374 5159 1406 5215 ad
1422 5160 1649 5235 consequendum
1665 5161 1835 5234 privilegium
1850 5168 1891 5217 est
1902 5169 2006 5214 necessa·
2100 5167 2101 5246 Ξ

390 5253 463 5310 enim
477 5251 602 5309 doctrina
625 5249 724 5307 eteius
747 5249 816 5305 ratio
837 5248 952 5307 maxime
968 5248 1091 5321 procedit
1104 5249 1137 5306 de
1150 5265 1192 5306 re·
1228 5250 1269 5306 ria
1284 5249 1435 5321 acceptatio
1452 5247 1638 5322 privilegiarii,
1655 5250 1720 5322 quia
1732 5267 1782 5308 sua
1794 5251 1932 5308 uoluntate
1943 5243 2006 5301 debet
