4284 6246
855 394 1077 449 cercnxvur.
1125 475 1131 483 Ι
1680 373 1743 442 ilii
1804 393 1811 406 ·

138 527 227 596 done,
244 525 293 585 ubi
309 527 336 584 io
351 539 420 586 casu
434 539 484 600 per
498 539 527 583 ss
541 524 626 598 iusto,
643 528 674 584 ut
686 529 730 582 est
743 518 889 582 occisionis
903 521 941 581 al·
982 519 1176 596 misericordia,
1198 520 1241 579 rel
1263 517 1423 598 liberalitate
1444 519 1502 578 sios
1524 519 1600 594 graui
1626 521 1792 592 necessitate

140 617 226 674 terim
246 618 274 673 in
297 618 423 690 propriae
444 617 516 672 vitae
535 613 736 682 detonsionem,
757 612 859 671 dicitur
879 627 941 670 esse
979 612 1093 685 subditi,
1110 618 1138 670 et
1157 614 1215 670 sine
1229 618 1378 684 praecepio
1398 613 1530 684 positiro;
1546 627 1612 684 ergo
1636 610 1687 667 erit
1706 610 1790 682 iusta,

138 704 307 777 dispensatio
329 702 533 779 quodammodo
553 703 679 762 indebita.
696 705 789 761 Potest
807 703 888 761 etiam
903 701 941 758 ia·
978 704 1043 776 quia
1054 703 1122 761 ratio
1138 701 1342 760 misericordiae
1353 711 1417 758 cum
1432 701 1611 758 concessione
1633 701 1702 756 iuris
1716 701 1790 772 posi·

138 795 190 852 cite
205 795 316 865 probari
333 793 494 866 explicando
511 793 621 866 titulos,
640 793 675 850 ob
688 809 758 868 quos
773 779 864 866 potest
883 791 941 850 dis·
979 793 1025 849 tivi
1040 793 1112 850 illam
1127 791 1268 861 iustificat,
1283 781 1312 848 et
1327 807 1381 847 non
1394 790 1448 864 erit
1461 790 1565 861 debita,
1587 792 1651 864 quia
1666 803 1716 846 nec
1730 792 1791 870 iure

139 887 262 956 pensatio
284 899 345 942 csse
358 883 464 956 debita,
483 888 561 942 extra
573 899 644 960 quos
658 900 712 941 noa
726 885 778 941 erit
790 884 894 956 debita,
912 882 943 939 li·
979 889 1113 952 naturae,
1135 897 1187 939 nec
1207 897 1241 939 ex
1263 885 1410 952 praecepto
1432 879 1563 937 humano.
1593 879 1789 949 Gontirmatur,

139 978 184 1028 cet
197 973 285 1044 possit
304 989 364 1030 esse
380 973 460 1029 iusta.
980 973 1045 1045 quia
1057 970 1227 1043 privilegium
1244 985 1325 1040 saepe
1337 975 1380 1028 est
1393 971 1498 1026 iustum
1512 969 1565 1026 lroc
1582 968 1675 1040 modo,
1694 975 1721 1026 et
1735 985 1790 1026 nou

181 1066 226 1120 lt.
243 1062 335 1119 Prtmo
349 1077 417 1135 ergo
435 1065 597 1135 potestesse
617 1059 784 1132 dispensatio
798 1059 888 1118 debita
908 1075 942 1118 ox
980 1059 1120 1132 debitum,
1136 1076 1203 1134 ergo
1217 1066 1244 1116 et
1258 1059 1434 1132 dispensatio.
1450 1061 1574 1132 Denique
1589 1058 1670 1134 baec,
1681 1058 1789 1130 dispen-

140 1152 208 1210 iuris
223 1157 381 1224 praecepto,
398 1157 430 1208 ut
441 1151 547 1224 quotics
562 1150 725 1222 assiguando
741 1148 860 1222 aliquam
875 1163 943 1206 cau·-
980 1150 1048 1207 satio
1063 1149 1164 1208 dicitur
1178 1153 1205 1206 io
1221 1151 1280 1208 iure
1294 1149 1393 1222 gratia,
1410 1154 1440 1205 ut
1460 1154 1589 1205 auctores
1605 1163 1688 1220 supra
1710 1150 1785 1208 citati

140 1259 198 1300 sam
218 1243 542 1316 dispensationis,ulitur
563 1239 856 1312 verbispraeceptiris,
872 1238 946 1296 ordi·
981 1238 1138 1297 advertunt.
1358 1283 1359 1288 1
1601 1250 1604 1256 ·

138 1331 240 1405 nando,
257 1337 289 1388 ut
300 1331 430 1388 existente
445 1329 489 1387 teli
504 1344 589 1402 causa
602 1327 789 1399 concedatur,
805 1327 945 1400 dispenso·
1023 1332 1067 1386 lli.
1084 1327 1159 1386 Unde
1173 1329 1256 1385 etiam
1271 1327 1451 1400 intelligitur,
1465 1324 1541 1401 quod
1555 1342 1639 1398 supra
1652 1326 1731 1384 etiam
1745 1326 1786 1384 di·
1875 1345 1877 1348 ·

139 1424 188 1494 bo,
200 1419 277 1494 quod
291 1421 407 1478 maxime
418 1419 475 1476 lieri
486 1419 555 1477 solet
566 1420 591 1475 in
602 1417 850 1489 dispensationibus
868 1417 945 1474 circa
979 1419 1086 1489 ximus,
1109 1433 1190 1491 posse
1211 1418 1269 1474 dari
1293 1417 1393 1474 iustam
1417 1432 1531 1474 causam
1563 1415 1785 1489 dispensationis,

139 1527 240 1584 poenos
262 1517 324 1582 post
345 1508 507 1582 condignam
535 1508 759 1572 satisfactionem,
777 1513 808 1564 ut
828 1508 853 1563 in
870 1506 945 1565 dicto
979 1521 1051 1581 quae
1065 1522 1114 1579 per
1129 1523 1158 1562 sc
1173 1522 1228 1563 non
1242 1506 1364 1564 sufficiat
1377 1506 1412 1563 ad
1432 1505 1622 1564 excusandum
1637 1506 1671 1562 ab
1688 1506 1786 1564 obser·

139 1616 201 1672 cap.
214 1603 347 1658 Domiao
366 1603 480 1665 abacto,
500 1599 546 1655 ubi
567 1596 594 1655 id
614 1603 710 1655 notant
723 1598 812 1655 Gloas.
827 1602 854 1653 et
875 1599 947 1654 'lur-
980 1597 1089 1653 ratione
1100 1596 1176 1670 legis.
1190 1599 1224 1655 Et
1238 1603 1441 1670 consequenter
1452 1597 1533 1654 etiam
1549 1596 1684 1670 sequitur,
1697 1597 1718 1652 si
1731 1599 1787 1654 eni·

139 1708 259 1748 recrem.
272 1693 339 1747 ltern
354 1691 443 1748 Gloss.
457 1690 482 1746 in
502 1705 565 1762 cap.
578 1691 688 1763 Siquis,
705 1694 735 1744 et
753 1702 779 1744 c.
799 1685 945 1745 Condem-
980 1693 1069 1744 stente
1083 1686 1129 1744 tali
1144 1702 1246 1758 causa,
1262 1685 1389 1742 subditus
1404 1693 1480 1759 petat
1495 1685 1743 1757 dispensationem,
1758 1693 1788 1744 et

139 1781 285 1849 nondum,
304 1781 369 1838 dist.
385 1785 430 1850 to,
447 1789 559 1852 propter
575 1778 688 1835 verbum
702 1776 795 1844 debet,
812 1776 889 1850 qrrod¹
901 1782 946 1834 cst
979 1777 1019 1835 illi
1039 1776 1203 1850 denegetur,
1220 1793 1275 1834 non
1296 1776 1356 1834 ideo
1378 1793 1459 1848 posse
1479 1777 1571 1834 statim
1588 1792 1667 1850 agere
1688 1785 1786 1836 cantra

141 1873 165 1927 in
181 1877 271 1942 testu,
287 1871 363 1944 quod
377 1885 431 1926 non
444 1871 529 1942 cogit,
542 1867 589 1925 scd
605 1864 802 1925 consideranda
812 1870 879 1923 sunt
891 1865 945 1922 alia
980 1872 1175 1939 praeceptum,
1191 1867 1255 1940 quia
1276 1867 1334 1924 sola
1348 1867 1422 1924 iusta
1440 1881 1526 1925 carisa
1540 1883 1593 1922 non
1608 1873 1741 1937 excusat,
1756 1873 1785 1924 ct

137 1962 232 2030 rerba,
248 1967 276 2018 et
290 1961 413 2016 motoria.
431 1957 545 2029 Quando
561 1973 626 2014 aero
641 1955 683 2014 lea
699 1956 788 2014 solum
802 1955 941 2027 concedit,
979 1956 1040 2013 ideo
1055 1973 1111 2014 non
1131 1957 1279 2030 requiritur
1298 1960 1404 2014 lentum
1425 1954 1592 2029 dispensatio
1614 1958 1713 2027 petits,
1735 1957 1784 2014 sed

139 2057 169 2107 ut
182 2049 270 2122 possit
292 2048 460 2120 dispensari,
476 2063 530 2104 noa
545 2053 589 2104 est
609 2045 701 2104 debita
717 2045 896 2119 dispensatio,
914 2050 945 2102 ut
980 2045 1062 2102 etiam
1084 2045 1204 2118 obtenta,
1221 2045 1286 2119 quia
1306 2045 1371 2103 alias
1386 2059 1440 2102 non
1462 2045 1569 2103 tollitur
1584 2046 1726 2104 vinculum
1747 2046 1786 2103 le·

138 2134 252 2195 notatur
266 2138 292 2195 in
315 2138 417 2211 dictog
436 2135 473 2194 de
486 2135 657 2201 adulteriis,
674 2151 705 2192 ex
720 2137 781 2208 ipso
797 2141 883 2192 textu.
900 2136 944 2190 ln·
979 2135 1028 2207 gis.
1040 2138 1130 2208 Atque
1144 2136 1197 2192 boc
1217 2137 1335 2194 maxima
1347 2134 1441 2192 locum
1457 2135 1536 2192 babet
1548 2135 1573 2192 in
1588 2134 1785 2207 dispensatione

136 2227 316 2302 telligendum
329 2234 422 2284 autom
436 2226 488 2283 boc
499 2232 542 2283 eat
553 2225 724 2302 permissive,
741 2240 790 2281 seu
806 2223 943 2296 negative,
978 2240 1033 2281 non
1048 2225 1136 2283 debita
1148 2240 1181 2283 en
1194 2225 1307 2298 iustitia,
1322 2225 1427 2281 etiamsi
1445 2225 1480 2282 sit
1496 2224 1586 2283 debita
1607 2241 1641 2283 en
1665 2225 1722 2283 sola
1735 2241 1785 2282 ca·

136 2318 233 2391 idest,
249 2333 283 2374 es
298 2318 324 2373 vi
337 2315 411 2374 illius
426 2316 612 2372 concessionis
625 2329 679 2371 noo
690 2328 751 2370 esse
761 2311 878 2368 debitam
890 2310 945 2368 dis·
979 2315 1072 2386 ritate,
1088 2313 1129 2372 vel
1146 2313 1345 2372 misericordia.
1361 2317 1398 2372 lie
1412 2314 1613 2386 dispensatione
1631 2322 1722 2371 autem
1736 2315 1784 2373 da·

137 2407 339 2480 pensationeaa,
356 2420 410 2463 non
425 2411 514 2461 tamen
528 2403 663 2476 absolute,
676 2409 773 2460 utnon
787 2401 944 2474 possitessc
978 2401 1035 2460 bita
1045 2418 1077 2460 es
1092 2403 1197 2460 iustitia
1211 2411 1303 2479 posset
1313 2403 1375 2477 qrris
1399 2401 1533 2462 dubitare:
1546 2403 1595 2462 sed
1610 2405 1672 2477 quia
1687 2404 1730 2462 illa
1745 2405 1785 2462 iu·

139 2495 250 2568 aliunde
273 2496 374 2554 debita.
389 2487 457 2564 Quia
470 2485 551 2566 saepe
565 2493 711 2550 denotatur
729 2507 777 2564 per
796 2491 873 2548 illum
888 2506 943 2547 mo·
978 2492 1051 2549 stitia
1063 2509 1117 2548 non
1129 2500 1172 2549 est
1186 2493 1293 2566 propria
1304 2494 1503 2551 commutatico
1514 2501 1647 2566 respectu
1663 2495 1784 2567 particu-

138 2587 204 2643 dum
220 2584 350 2660 loquendi
370 2584 513 2642 concessio
528 2582 687 2654 potestatis,
703 2597 757 2638 non
773 2595 835 2638 rero
848 2579 944 2638 enclu·
978 2581 1171 2654 larissubditi,
1187 2583 1234 2640 sad
1248 2590 1292 2641 cst
1304 2589 1435 2656 respectu
1450 2583 1671 2653 communitatis,
1687 2585 1728 2642 rel
1744 2585 1782 2642 lc·

139 2675 214 2732 ditur
229 2674 372 2747 obligatio,
388 2676 411 2754 si
425 2671 531 2728 aliunde
552 2671 614 2728 oriri
628 2671 732 2743 possit,
747 2676 779 2727 ut
792 2676 903 2727 notatur
916 2671 944 2726 in
977 2671 1056 2744 galis,
1068 2677 1096 2728 et
1109 2671 1275 2740 communies
1288 2670 1349 2730 ideo
1366 2687 1415 2744 per
1429 2687 1458 2728 se
1472 2671 1619 2746 loquendo,
1630 2679 1659 2730 et
1673 2689 1722 2745 pro
1737 2689 1780 2730 rc·

138 2780 202 2837 cap.
218 2765 299 2822 Cum
312 2779 351 2819 eac
369 2778 411 2827 eo,
424 2761 458 2818 de
472 2761 552 2818 elect.
567 2761 595 2816 in
612 2763 638 2818 6.
655 2775 703 2832 per
717 2761 805 2832 ipsum
826 2765 941 2816 mnium.
977 2761 1042 2834 gula
1062 2762 1239 2819 statuendum
1259 2769 1313 2834 est,
1328 2763 1433 2820 etiamsi
1453 2762 1622 2833 dispensatio
1637 2765 1672 2820 sit
1691 2763 1782 2821 debita

141 2853 271 2912 &cundo
293 2857 383 2924 potest
402 2866 464 2908 esse
484 2849 574 2907 debita
588 2847 753 2920 dispensatio
766 2862 815 2920 per
832 2863 942 2919 praece·
977 2849 1010 2907 de
1024 2849 1141 2921 iustitio,
1160 2851 1200 2908 rel
1223 2858 1381 2924 praecepto,
1397 2858 1426 2909 et
1445 2850 1609 2925 denegetur,
1625 2869 1680 2910 non
1700 2869 1781 2926 posse

142 2951 219 3018 ptum
235 2943 270 3000 ab
283 2933 406 3012 bomine,
425 2947 457 2996 ut
470 2939 494 2995 in
509 2938 769 3011 dispensationibus,
786 2953 856 3012 quae
877 2953 943 2994 oon·
977 2939 1116 2998 subditum
1129 2946 1225 2998 contra
1237 2940 1324 3013 legem
1340 2955 1431 3015 agere,
1443 2943 1509 3014 quia
1522 2942 1653 2999 iniustitia
1668 2943 1781 3014 praelati

140 3034 215 3090 cedit
234 3031 357 3090 Pontifex
373 3027 514 3086 remittens
536 3044 636 3085 causae
657 3027 816 3099 ordinariis,
832 3026 873 3085 rel
887 3027 943 3084 dis·
977 3045 1029 3086 non
1045 3029 1116 3086 tollit
1135 3030 1201 3103 legis
1216 3030 1368 3088 vinculum.
1385 3031 1475 3099 Quare
1495 3034 1517 3086 si
1538 3031 1581 3088 lex
1596 3038 1639 3089 est
1658 3034 1781 3105 superio-

139 3122 223 3182 crcto'
233 3121 398 3192 consessori,
416 3118 556 3182 mandans.
574 3125 604 3175 ut
616 3117 791 3190 dispensent,
807 3119 830 3174 si
844 3133 942 3189 preces
976 3118 1028 3190 ris,
1044 3125 1072 3176 et
1092 3119 1201 3176 inierior
1216 3120 1340 3177 abutitur
1361 3121 1498 3193 potestate
1512 3121 1562 3177 sibi
1582 3137 1730 3195 concessa,
1746 3123 1780 3182 ad

139 3215 248 3271 veritati
270 3201 493 3280 nitantur3'tunc
506 3210 579 3265 enim
593 3208 702 3280 impleta
716 3205 941 3265 conditione'dis·
976 3210 1148 3279 superiorem
1168 3209 1367 3267 recurrendum
1380 3217 1433 3282 est,
1453 3211 1476 3266 ei
1497 3225 1550 3267 non
1564 3217 1606 3268 est
1626 3213 1781 3284 periculum

140 3306 263 3378 pensatio
281 3302 373 3358 debita
386 3307 438 3357 cst.
974 3297 1002 3352 in
1017 3313 1105 3371 mora,
1118 3300 1165 3372 qui
1176 3301 1277 3372 poterit
1290 3299 1469 3372 compellere,
1481 3306 1514 3372 ut
1528 3299 1676 3373 dispenset,
1690 3309 1722 3359 ut
1734 3303 1782 3361 do-

181 3398 225 3451 15.
242 3392 334 3449 Tertio
348 3405 381 3446 ea
398 3394 494 3445 natura
508 3386 545 3444 rei
565 3392 730 3459 potestesse
748 3384 838 3443 debita
852 3384 886 3442 de
901 3386 942 3443 iu·
976 3393 1021 3443 cet
1039 3389 1248 3446 Panormitanus
1270 3390 1296 3445 in
1317 3405 1380 3460 cap.
1392 3389 1573 3457 Pastorulis,
1595 3390 1630 3447 de
1651 3392 1778 3465 appellat.

138 3483 211 3540 stitia
224 3477 574 3552 dispensatio,quandncst
585 3479 738 3534 necessaria
748 3475 782 3533 ad
794 3491 941 3534 commune
976 3493 1003 3531 n.
1018 3480 1061 3536 li.
1075 3477 1220 3545 Qraomodo
1235 3485 1329 3535 autem
1343 3478 1603 3552 sitrecurrendura,
1621 3497 1655 3537 an
1670 3498 1720 3554 par
1732 3499 1780 3556 ap-

75 3621 77 3624 .
140 3573 255 3641 bonurn,
271 3571 313 3627 ael
324 3569 464 3626 vitandum
476 3567 621 3639 publicum
631 3566 806 3638 scandalum,
818 3566 859 3622 rel
876 3567 942 3640 quid
976 3565 1160 3637 pollutionem,
1176 3565 1217 3622 vel
1232 3566 1402 3638 implorando
1417 3568 1539 3626 cilicium
1553 3570 1623 3643 eius,
1634 3575 1663 3627 et
1676 3572 1781 3644 suppli·

139 3661 236 3718 simile.
252 3663 292 3716 lta
313 3664 425 3715 notatur
445 3659 471 3713 in
492 3655 558 3713 dict.
572 3672 634 3729 cap.
647 3660 683 3718 Ut
704 3659 938 3717 constitueretur.
977 3655 1080 3728 cando,
1097 3661 1219 3712 tractant
1233 3657 1346 3714 iuristae
1360 3673 1443 3729 supra
1459 3656 1566 3730 allegati
1576 3702 1582 3729 ,
1599 3659 1633 3717 ad
1647 3665 1781 3720 cocenim

139 3769 189 3824 per
205 3752 282 3807 illum
297 3754 415 3819 tentum,
431 3747 476 3804 ubi
490 3745 580 3802 Gloss.
593 3753 621 3802 et
632 3748 762 3802 Turrecr.
779 3761 874 3818 supra,
892 3747 943 3802 Pa·
977 3745 1330 3817 pertinet.Veritas'autem
1345 3753 1397 3816 est,
1410 3745 1482 3802 hanc
1496 3763 1550 3804 non
1565 3763 1624 3805 esse
1639 3753 1780 3809 materiam

139 3841 286 3898 narmitan.
300 3847 328 3894 et
341 3837 385 3894 alii
400 3851 483 3908 supra
497 3839 583 3892 citati.
597 3837 700 3903 Quarto
715 3841 805 3907 potest
820 3849 881 3891 esso
896 3834 942 3891 dc·
976 3833 1157 3906 appllatlonis,
1173 3835 1220 3892 scd
1236 3835 1538 3907 supplicationis.Quod
1551 3839 1573 3892 si
1585 3839 1614 3894 lit
1626 3839 1779 3908 periculum

140 3933 194 3988 bita
207 3929 373 4001 dispensatio
385 3942 418 3984 ea
432 3926 535 3997 cilicio,
547 3941 578 3982 ac
594 3925 707 3983 subinde
720 3941 754 3982 ex
768 3927 882 3997 iustitia,
896 3925 943 3980 ubi
977 3925 1002 3980 in
1019 3939 1105 3992 mora,
1118 3931 1146 3980 et
1159 3940 1243 3998 grave
1259 3932 1456 3981 nocumentum
1472 3927 1620 4006 immineat,
1634 3933 1700 3985 tunc
1715 3931 1781 4002 opii·

140 4020 224 4078 luerit
244 4017 400 4074 necessaria
420 4014 452 4072 ad
479 4014 619 4087 spirituale
640 4015 742 4072 bonum
763 4013 942 4087 postulantis,
976 4010 1020 4068 lia
1035 4013 1073 4069 uti
1088 4012 1195 4083 licebit,
1209 4013 1416 4085 interpretando
1432 4015 1600 4073 voluntatem
1618 4020 1780 4089 superioris,

141 4110 183 4166 sel
198 4108 232 4166 ad
249 4106 388 4164 vitandum
403 4120 486 4178 gravo
502 4104 655 4177 periculum
671 4105 787 4160 animae.
797 4105 874 4162 Ratio
889 4109 941 4175 est,
977 4100 1086 4174 quondo
1107 4103 1220 4159 materia
1233 4108 1277 4158 est
1297 4117 1383 4173 capax
1404 4102 1485 4159 illius.
1499 4105 1568 4172 ¹Nam
1582 4107 1658 4162 iuxta
1677 4107 1782 4165 doctri·

140 4201 205 4272 quia
220 4197 360 4270 praelatus
373 4211 407 4251 ex
421 4194 512 4251 cilicio
525 4200 633 4251 tenetur
646 4192 789 4264 providere
801 4193 827 4250 in
842 4193 882 4249 bis
896 4208 941 4250 oa·
978 4205 1041 4247 nam
1055 4207 1138 4263 supra
1160 4190 1263 4261 datam,
1280 4191 1362 4248 etiam
1377 4191 1429 4248 boc
1444 4201 1540 4264 posset
1553 4195 1636 4251 licere
1650 4201 1713 4254 ante
1736 4213 1782 4269 pe·

142 4290 219 4346 sibus
233 4286 317 4343 saluti
329 4284 442 4352 subditi,
457 4290 487 4340 et
505 4282 558 4338 hoc
573 4285 688 4340 maxime
709 4286 830 4340 sentiunt
844 4291 942 4341 aucto·
976 4280 1053 4336 tium
1065 4281 1321 4352 dispensationcma
1339 4282 1462 4353 proximo
1476 4284 1610 4355 praelato,
1623 4285 1645 4340 ai
1660 4289 1715 4356 peti
1726 4302 1780 4342 non

142 4395 185 4434 res
199 4377 288 4449 primo
302 4375 363 4430 loco
377 4373 469 4443 citati;
485 4371 640 4428 huiusmodi
654 4374 740 4444 enim,
758 4380 789 4430 ut
802 4375 940 4443 existimo,
979 4376 1072 4441 posset
1082 4372 1139 4427 siae
1153 4370 1248 4426 eodem
1263 4369 1477 4428 detrimentum
1491 4387 1556 4429 vero
1567 4374 1589 4428 si
1604 4374 1640 4430 sit
1653 4375 1781 4449 princeps

142 4472 244 4523 vocant
257 4468 369 4520 iustam
383 4477 509 4520 causum
528 4458 767 4534 dispensationis.
780 4463 880 4529 Quinto
896 4462 945 4518 ali·
980 4477 1139 4532 supremus,
1153 4464 1200 4533 qui
1214 4457 1296 4533 negat
1305 4458 1545 4533 dispensationem,
1557 4477 1627 4533 qsrao
1640 4462 1782 4522 iudicatur
1857 4458 1861 4464 ’

142 4556 270 4631 quando,
286 4553 351 4610 licet
372 4567 457 4608 causa
474 4567 528 4607 non
550 4550 662 4607 inducat
675 4550 794 4607 debitum
815 4551 944 4623 iustitiae,
980 4549 1085 4621 debita,
1103 4550 1230 4607 amodum
1245 4555 1287 4606 est
1302 4549 1412 4620 iudicio,
1428 4564 1477 4605 seu
1492 4539 1626 4607 voluntati
1640 4554 1715 4625 eius,
1730 4554 1782 4610 nisi

142 4653 234 4718 potest
253 4643 385 4700 inducere
403 4639 523 4697 debitum
545 4641 669 4696 caritatis
684 4647 711 4695 et
731 4640 943 4697 misericordiae.
980 4645 1179 4696 nocumentum
1195 4646 1249 4695 tam
1263 4653 1346 4712 graue
1361 4639 1511 4709 immineat,
1524 4645 1555 4696 ut
1569 4656 1622 4696 non
1637 4643 1724 4713 possit
1738 4643 1781 4700 lex

141 4733 296 4811 Aliquando
314 4733 387 4788 enim
407 4729 563 4802 dispensare
577 4736 620 4786 eat
640 4744 709 4801 opus
729 4729 942 4802 misericordiam
980 4731 1099 4785 bumana
1113 4729 1234 4801 obligare
1253 4744 1317 4784 cum
1336 4734 1412 4784 tauto
1426 4728 1605 4801 discrimine,
1621 4732 1684 4804 quia
1704 4739 1782 4790 entra

142 4829 177 4883 ita
189 4827 262 4883 enim
276 4820 416 4879 interdum
432 4820 492 4876 iura
508 4818 668 4892 loquuntur,
685 4833 747 4890 cap.
763 4817 941 4886 Postulosti,
980 4818 1050 4875 banc
1065 4819 1254 4876 necessitatem
1269 4818 1310 4875 lox
1331 4834 1386 4874 non
1400 4818 1519 4875 relaxata
1534 4834 1583 4890 per
1600 4819 1782 4893 dispensatio·

143 4917 175 4972 dc
197 4917 265 4972 cler.
282 4924 459 4969 excommun.
473 4909 590 4964 ministr.
605 4913 634 4964 at
653 4925 724 4980 opus
744 4908 946 4967 misericordiae
981 4925 1043 4966 nem
1057 4925 1165 4981 semper
1179 4908 1296 4982 obligat.

144 5005 281 5064 interdum
295 4999 483 5070 eatdcbitum,
494 4997 603 5071 quando
615 4998 757 5070 prosimus
771 5001 893 5072 graviter
906 5001 945 5056 in·
1024 5001 1067 5058 li.
1083 4999 1174 5055 Tertia
1184 4997 1289 5078 ¹dirisio
1310 4997 1536 5068 dispensationis,
1558 5013 1628 5070 quse
1647 5013 1680 5055 ex
1697 4983 1779 5056 dictis

142 5097 228 5170 diget,
250 5101 279 5151 et
302 5094 360 5148 siae
381 5086 526 5161 dispondio
545 5093 636 5159 potest
655 5087 691 5143 illi
715 5089 846 5160 concedi,
867 5104 944 5162 ergo.
982 5087 1137 5161 colligitur,
1154 5093 1199 5144 est
1217 5089 1244 5142 in
1264 5102 1341 5156 eom,
1358 5101 1445 5158 qaae,
1460 5091 1564 5143 attenta
1577 5089 1683 5144 ratione
1696 5087 1776 5162 legis,

145 5187 221 5247 Unde
233 5184 344 5242 tandem
360 5181 399 5250 ot,
414 5185 446 5236 ut
458 5185 535 5235 entra
550 5177 600 5234 bos
616 5193 699 5234 casus
709 5179 864 5250 possitesse
878 5178 948 5234 iusta
982 5178 1016 5234 ab
1029 5178 1177 5234 intrinseco
1191 5175 1347 5231 necessarie
1359 5174 1403 5230 rel
1417 5175 1488 5232 iusta
1502 5182 1562 5247 est,
1577 5174 1640 5246 alia,
1652 5193 1722 5251 quae
1734 5195 1778 5235 so·

144 5275 322 5350 dispensatio,
338 5277 367 5328 et
380 5285 432 5326 non
447 5268 549 5326 debita.
559 5269 646 5340 Patet,
658 5269 722 5341 quia
738 5273 827 5339 potest
841 5283 900 5324 esse
914 5283 947 5325 ox
983 5267 1040 5323 lum
1059 5281 1107 5338 por
1128 5265 1310 5322 extrinsecam
1329 5278 1444 5321 causam
1460 5264 1634 5322 iustificetur.
1651 5266 1778 5324 intrinse-
