4290 6222
905 372 1010 422 canus
1026 373 1097 420 xvr.
1705 346 1766 408 397

208 499 237 550 3.
253 491 348 563 Neque
369 498 411 548 est
432 505 544 562 verum,
561 494 725 563 particulam
742 481 900 552 odinatae
915 511 966 552 non
1004 497 1062 566 btt3
1079 509 1144 552 com
1165 501 1255 550 tamen
1274 490 1338 548 iliud
1352 491 1503 548 efficaciter
1517 488 1641 546 videatur
1656 489 1801 560 probatum

165 598 279 654 semper
298 581 400 638 relerre
418 579 555 653 privilegis
575 582 643 640 inter
657 599 704 652 aa,
720 583 768 640 aad
785 590 890 642 lanium
907 599 968 656 per·
1005 586 1110 642 ratione
1125 598 1208 654 supra
1222 581 1309 642 iacta.
1324 579 1399 653 quod
1414 580 1480 635 alias
1494 580 1599 635 incerta
1616 585 1690 635 esset
1703 584 1731 634 et
1747 578 1803 634 iera

162 687 249 728 sonos
268 669 466 742 privilegiatam
483 684 544 726 nam
567 671 657 741 potius
672 672 845 746 privilegium
860 674 902 732 ad
924 676 967 730 in·
1003 673 1107 730 inutilis
1118 671 1262 728 concessio
1273 667 1695 744 printagttodmaiarsbsoiote
1706 673 1735 724 et
1746 669 1803 722 sine

162 764 233 818 star
253 758 355 815 dicitur
375 759 426 816 tale
446 767 559 830 propter
578 759 763 818 habitudinem
779 763 812 818 ad
828 763 899 820 aliud
915 764 969 834 pri·
1004 763 1056 818 alia
1077 761 1271 834 explicatione.
1294 758 1372 827 Quod
1394 759 1415 814 si
1435 757 1560 828 dicatur,
1576 755 1747 828 privilegium
1762 755 1806 812 ad

161 847 309 919 vilegium,
328 846 402 919 qnod
417 847 552 920 imitatum
568 865 634 921 ergo
649 850 713 907 talia
731 853 870 926 privilegia
887 853 966 909 etiam
1003 854 1115 917 instar,
1135 852 1198 908 licet
1217 849 1355 907 interdum
1376 849 1411 904 sit
1426 847 1594 918 perlectum,
1612 852 1706 918 posset
1720 845 1804 904 inter·
1832 917 1838 926 Ι

161 944 233 995 sunt
249 952 363 993 numero
377 936 521 1005 distincta,
537 942 565 994 et
578 955 665 996 unum
677 947 721 996 est
736 942 814 1013 quasi
829 941 968 1012 exemplar
1003 941 1069 997 dum
1086 941 1184 998 saivari
1204 956 1268 996 cum
1285 937 1445 1009 imperfecta
1460 937 1613 992 imitatione.
1634 935 1736 992 Contra
1750 934 1803 992 lroo

162 1025 295 1094 alterius,
315 1031 344 1082 et
358 1025 411 1082 hoc
426 1031 467 1082 cst
481 1026 514 1082 ad
530 1027 615 1084 instar
629 1029 719 1099 iilius,
735 1035 766 1086 ut
783 1045 816 1086 ex
831 1046 915 1102 supra
930 1029 969 1086 di·
1003 1037 1060 1100 est,
1078 1031 1143 1102 quia
1158 1027 1224 1084 illud
1239 1028 1328 1084 solum
1344 1026 1424 1083 habet
1438 1026 1542 1094 locum,
1554 1023 1664 1096 quando
1679 1025 1705 1078 ιι
1721 1025 1804 1095 privi-

162 1116 217 1172 ctis
231 1123 315 1186 palat.
335 1117 391 1172 Nec
405 1121 495 1186 potest
506 1115 633 1189 intelligi,
645 1117 784 1189 quomodo
796 1119 967 1191 privilegium
1003 1119 1073 1192 legio
1094 1118 1258 1189 explicatur.
1276 1118 1333 1172 iioc
1349 1121 1442 1172 autem
1457 1114 1539 1170 modo
1558 1115 1638 1170 etiam
1653 1114 1805 1169 communi·

162 1205 247 1262 detur
267 1205 314 1260 uni
336 1201 475 1260 adinstar
494 1203 607 1262 alterius
623 1208 677 1276 rei,
694 1206 736 1263 vei
751 1223 900 1279 personae,
917 1208 969 1265 nisi
1004 1210 1078 1265 catio
1096 1214 1187 1279 potest
1200 1222 1261 1263 essa
1273 1204 1445 1278 imperiecta,
1457 1204 1585 1260 etsnlum
1598 1217 1645 1274 per
1656 1203 1803 1276 quamdam

164 1294 211 1352 iila
233 1298 357 1350 sumatur
376 1293 528 1350 formaliter
543 1302 574 1351 ut
593 1295 689 1352 allecta
703 1297 749 1353 tali
765 1296 920 1370 privilegio,
937 1301 969 1352 ui
1004 1298 1250 1370 participationem.
1269 1293 1379 1362 Qtrcdsi
1390 1294 1603 1350 communicatio
1615 1292 1746 1364 privilegii
1757 1293 1805 1348 aii·

162 1384 192 1440 in
208 1383 227 1439 Ι.
243 1384 356 1448 omnia,
374 1383 405 1438 C.
421 1381 455 1437 da
469 1397 574 1440 sacros.
589 1385 697 1442 Eccias.
710 1400 774 1440 curn
787 1384 968 1456 hospitalibus
1004 1387 1094 1444 solute
1108 1386 1194 1455 iacta,
1216 1391 1243 1442 et
1257 1385 1314 1441 sine
1330 1383 1488 1440 limitatione
1505 1381 1661 1455 intelligitur
1676 1383 1709 1439 da
1724 1381 1804 1438 adae·

163 1471 360 1528 conceduntur
375 1470 511 1542 privilegia
523 1472 557 1528 ad
569 1473 654 1529 instar
664 1474 796 1530 ecciesiae
809 1473 966 1544 primariae,
1003 1483 1088 1548 qnata
1110 1473 1359 1530 communicatione
1378 1473 1461 1528 totius
1477 1472 1623 1545 privilegii,
1640 1472 1744 1528 etiamsi
1757 1487 1804 1528 ex·

163 1563 224 1616 sine
242 1559 326 1617 dtrbio
348 1560 510 1633 intelligitur
530 1563 647 1634 supponi
668 1562 785 1620 ecclesia
812 1570 842 1620 ut
869 1564 967 1620 talibus
1004 1579 1096 1636 presse
1112 1563 1179 1619 haec
1194 1561 1355 1634 adaequatio
1371 1573 1424 1618 ιιι
1436 1561 1604 1634 explicetur,
1617 1561 1682 1634 qnia
1696 1567 1804 1617 nonest

163 1648 314 1721 privilegiis
335 1648 448 1719 allecta,
465 1659 494 1705 et
514 1650 550 1704 ita
572 1666 627 1707 non
649 1653 740 1708 solum
763 1651 894 1723 hospitale
912 1653 967 1708 lieri
1004 1653 1059 1710 ulla
1074 1655 1142 1710 ratio
1156 1652 1270 1710 addendi
1287 1651 1489 1718 limitationem,
1501 1652 1567 1722 quia
1580 1653 1603 1706 si
1615 1648 1682 1706 haec
1694 1649 1803 1705 licentia

163 1737 252 1794 simila
270 1733 419 1816 ecclesiae,
432 1737 478 1794 sed
493 1739 575 1796 etiarn
589 1741 759 1814 privilegium
772 1740 915 1812 hospitalis
929 1741 965 1797 el·
1003 1741 1128 1809 daretur,
1146 1747 1200 1797 tota
1214 1742 1357 1796 concessio
1371 1745 1442 1795 esset
1456 1742 1559 1795 incerta
1573 1738 1750 1809 elambigum
1766 1738 1801 1793 ita

164 1828 209 1884 lici
227 1829 314 1885 simile
328 1828 469 1900 privilegio
482 1827 631 1897 ecclesiae,
647 1831 701 1887 imo
716 1847 772 1888 non
784 1830 862 1887 aliter
877 1831 966 1886 subia-
1003 1831 1082 1889 etiam
1098 1830 1246 1886 dicandum
1261 1837 1304 1884 est
1315 1829 1347 1884 de
1363 1828 1500 1902 privilegio
1514 1826 1557 1885 oti
1566 1830 1674 1893 instar,
1690 1833 1802 1899 propter

163 1927 244 1975 ctum
266 1919 294 1974 ιιι
314 1916 399 1974 simile
419 1917 513 1988 alteri,
529 1917 578 1974 nisi
592 1919 735 1976 alliciendo
750 1921 775 1975 in
790 1935 823 1976 ec
838 1920 967 1988 iormnm,
1002 1919 1125 1976 eamdam
1141 1919 1283 1987 rationem,
1296 1933 1362 1988 ergo
1373 1919 1399 1972 io
1412 1917 1463 1974 hcc
1476 1917 1566 1988 potins
1577 1918 1802 1989 aequiparantur,

162 2023 236 2079 qnae
252 2007 287 2063 sii
301 2007 394 2064 eiotilis
409 2005 512 2062 lormne
527 2006 651 2064 alterius.
665 2009 716 2063 l’er
731 2009 799 2064 haec
812 2024 878 2080 ergo
893 2007 968 2064 nulla
1002 2025 1085 2083 quam
1101 2007 1242 2064 differant:
1260 2022 1321 2062 nam
1337 2006 1463 2062 absoluta
1474 2005 1545 2061 iacta
1557 2011 1674 2077 utraque
1684 2011 1727 2060 est
1741 2021 1803 2076 per·

162 2096 316 2152 differentia
336 2096 407 2152 inter
422 2095 488 2152 haec
504 2096 642 2168 privilegia
656 2097 820 2168 explicatur.
1002 2099 1075 2155 lecta
1093 2095 1258 2168 concessic;
1274 2112 1322 2166 per
1336 2095 1500 2153 additionem
1514 2111 1589 2162 vero,
1603 2102 1631 2153 at
1643 2111 1801 2166 expressam

209 2190 238 2242 i.
254 2188 351 2242 Posset
372 2200 436 2240 rero
457 2183 573 2243 ulterius
593 2184 668 2252 a'ddi,
686 2185 855 2257 privilegium
869 2183 911 2242 od
925 2189 969 2240 in·
1002 2181 1178 2244 concedentis
1186 2186 1480 2258 voiuntatemutroqne
1488 2185 1803 2256 potestiimitari,ettan·

163 2279 232 2330 stur
251 2274 343 2354 dicere
363 2272 583 2341 similitudinem,
599 2291 653 2331 non
676 2282 762 2330 tamen
778 2274 925 2345 perlectam
939 2280 968 2330 ai
1002 2283 1061 2332 tum
1076 2281 1208 2348 exparte,
1225 2274 1266 2330 rei
1282 2289 1329 2344 per
1344 2273 1519 2330 imitationem
1533 2273 1719 2344 imperfectam
1733 2273 1800 2328 lieri.

162 2371 304 2432 eraclam,
320 2362 368 2419 sed
382 2378 430 2434 per
443 2362 590 2435 qnamdam
605 2365 795 2436 imilationem
812 2364 967 2421 communi·
1041 2363 1117 2423 Unde
1137 2365 1218 2421 etiam
1243 2368 1365 2431 constat,
1380 2378 1434 2419 non
1456 2369 1532 2420 recta
1546 2359 1646 2418 adduci
1662 2362 1743 2418 verba
1758 2361 1803 2417 iila

163 2453 301 2508 rationem
320 2459 412 2508 autem
423 2453 553 2525 privilegii
564 2452 656 2510 dicere
667 2453 799 2523 integram
811 2458 838 2508 et
854 2451 967 2508 totalem
1002 2454 1121 2511 ettvad
1134 2452 1311 2510 diiierentiam
1322 2451 1488 2523 praedictam
1500 2450 1725 2507 confirmandam.
1734 2451 1804 2506 Nam

162 2541 370 2596 concessionem
390 2541 535 2612 privilegii3
551 2548 580 2599 et
593 2541 653 2599 ideo
667 2541 719 2598 dici
739 2543 830 2613 potius
846 2540 968 2598 identita·
1002 2545 1077 2600 sicui
1098 2558 1132 2600 ex
1151 2541 1205 2598 illia
1225 2541 1313 2598 verbis
1328 2541 1438 2612 ridetur,
1451 2542 1560 2614 colligi,
1577 2540 1746 2612 privilegium
1761 2537 1804 2596 ad

163 2639 237 2700 tem,
258 2645 342 2702 quarn
361 2629 579 2704 similitudinem:
598 2636 742 2702 potestque
759 2630 827 2687 haec
841 2629 964 2686 diliereu·
1000 2637 1099 2690 instar
1116 2647 1196 2703 posse
1209 2645 1270 2686 esse
1283 2630 1441 2702 inaequale,
1456 2636 1484 2686 et
1498 2629 1650 2686 secundum
1664 2629 1747 2702 quid,
1764 2631 1800 2684 ita

164 2719 201 2774 lin
220 2719 374 2774 conlirmari
391 2735 423 2775 er
443 2718 561 2791 quadarn
581 2718 699 2776 iurmula
712 2717 879 2775 cencedcndi
894 2718 964 2774 hanc
1001 2723 1082 2778 etiam
1097 2720 1188 2793 colligi
1200 2720 1594 2792 poterii,oommuoicationam
1606 2719 1737 2792 privilegii
1748 2734 1802 2775 noo
1907 2731 1910 2738 ⁴

162 2807 459 2877 communicationem,
475 2822 559 2879 quarn
574 2807 726 2879 specialiter
741 2807 845 2863 invenio
861 2807 885 2862 iu
900 2823 967 2880 qua·
1000 2825 1062 2866 esse
1083 2809 1275 2881 -parilormem,
1292 2823 1380 2881 neque
1400 2823 1487 2880 aequa
1503 2808 1695 2880 principalem,
1711 2824 1802 2881 neque

163 2896 229 2954 dam
252 2895 329 2952 Bulla
345 2897 381 2953 Ριι
395 2897 434 2967 v,
450 2897 579 2953 Socielaii
594 2905 703 2953 nostrae
717 2912 849 2953 concessa
862 2936 869 2966 ,
884 2897 965 2952 carius
1001 2898 1104 2970 absque
1124 2898 1179 2954 ulia
1192 2897 1351 2967 differentia,
1365 2899 1413 2952 nisi
1425 2897 1493 2953 haec
1503 2913 1632 2967 expresse
1642 2897 1801 2954 declaratur

163 2985 247 3042 verim
267 2993 347 3041 sunt:
364 2988 484 3044 Possint
497 2984 586 3042 libere
600 2990 628 3041 ei
641 2984 720 3052 licite
735 2989 786 3045 nti.
796 2984 876 3058 frui,
892 2987 966 3058 poti-
1000 2988 1026 3042 in
1043 2987 1195 3059 privilegio,
1218 2986 1282 3059 quia
1296 3001 1362 3042 cum
1376 2985 1425 3042 irae
1441 2985 1591 3057 particulae
1611 3001 1740 3058 expresse
1754 2986 1801 3042 ad·

161 3079 206 3141 rt,
228 3079 256 3132 el
274 3073 404 3148 gaudere
419 3075 540 3148 (scilicet
559 3077 706 3148 privilegiis
724 3075 840 3132 aliarum
856 3073 966 3146 religio·
1000 3073 1120 3146 dantur,
1138 3076 1308 3146 insinuatur,
1328 3077 1386 3132 sine
1400 3076 1452 3132 iliis
1471 3093 1523 3132 non
1538 3090 1598 3131 esse
1613 3077 1648 3132 ita
1664 3075 1802 3148 adaequa·
1864 3082 1866 3088 ’

162 3181 230 3220 num
241 3164 248 3236 l
261 3167 293 3219 in
308 3163 452 3224 omnibns,
465 3169 493 3220 ei
500 3179 555 3238 per
568 3169 683 3230 anania,
698 3181 757 3220 non
767 3162 861 3226 solunt
876 3161 919 3220 cd
930 3161 965 3218 ti·
1003 3173 1056 3224 tam
1079 3165 1367 3222 communicationem.
1383 3163 1461 3232 Quod
1481 3165 1502 3220 si
1517 3164 1570 3220 lroc
1584 3163 1683 3221 laisum
1697 3172 1755 3234 est,
1772 3171 1804 3220 ut

162 3253 262 3310 ιονιιι
277 3256 385 3320 instar,
402 3251 455 3310 sed
465 3252 686 3325 patrifamilias,
705 3260 733 3310 et
747 3269 840 3325 aeqrte
852 3255 967 3324 princi·
1001 3255 1108 3313 videtur
1129 3256 1274 3328 probatum
1284 3295 1298 3326 ,¹
1313 3253 1460 3310 dicendum
1482 3257 1636 3311 necessario
1651 3256 1717 3327 erit,
1735 3253 1802 3310 illud

129 3389 140 3404 .
159 3341 285 3415 paliier.
296 3341 410 3414 Adspice
426 3339 493 3399 cita
505 3341 824 3416 prorsusdiffereniio.
841 3340 966 3415 proinde
1000 3361 1054 3400 non
1073 3343 1209 3415 colligiae
1224 3342 1361 3398 additione
1376 3343 1483 3398 iliarum
1499 3344 1721 3412 particularium,
1738 3343 1802 3414 quia

162 3447 203 3488 ac
215 3434 242 3487 si
260 3433 420 3497 Sosiclem,
484 3435 676 3499 nonrirrctim,
692 3439 720 3488 ci
736 3429 914 3506 specialiter.
929 3447 966 3488 ac
1001 3448 1053 3488 non
1075 3448 1182 3504 semper
1196 3431 1336 3488 adduntur
1351 3438 1461 3504 propter
1475 3447 1577 3486 norum
1591 3431 1734 3503 ellectum,
1750 3432 1798 3488 sed

162 3518 342 3594 generaliter
361 3535 502 3578 concessa
521 3517 655 3586 inissent.
671 3521 746 3588 Quae
766 3519 847 3576 rerba
865 3535 967 3590 suppo·
1001 3528 1111 3592 proptor
1131 3523 1260 3577 maiorem
1275 3520 1482 3592 explicationem
1496 3519 1620 3600 qiusdam
1635 3521 1761 3608 ellecius,
1774 3529 1803 3578 et

163 3608 965 3681 nunt,privilegiumodinslnrncoesseparilormesuo
1000 3610 1033 3666 ad
1055 3609 1201 3666 tollendam
1227 3625 1336 3664 omnam
1351 3610 1662 3681 tergiversationem,et
1676 3610 1801 3666 umbram
1886 3637 1890 3646 ·

163 3699 330 3771 exemplari,
346 3713 397 3755 occ
411 3713 472 3756 esso
486 3705 539 3755 iarn
551 3698 690 3772 amplum,
705 3699 777 3756 sieut
791 3697 963 3771 privilegium
999 3697 1125 3754 eludendi
1147 3696 1331 3770 privilegium.
1347 3699 1405 3755 imo
1425 3697 1659 3756 etiam‘interdum
1675 3698 1805 3770 multipii-

163 3802 214 3860 per
231 3788 509 3844 communicationem
523 3804 690 3846 eoncessum
701 3830 708 3859 ,
719 3804 770 3844 nec
785 3787 908 3845 eiusdem
921 3802 964 3844 ra·
1000 3794 1099 3844 cantur
1114 3785 1270 3842 huiusmodi
1282 3787 1363 3842 rerba
1374 3786 1407 3844 ad
1418 3786 1608 3859 explicandum
1620 3803 1750 3861 magnum
1761 3789 1803 3845 ai·

162 3877 245 3934 tionis
265 3892 330 3933 cum
351 3877 408 3933 illo.
430 3878 465 3933 Ei
484 3879 679 3950 confirmatur,
705 3879 771 3950 qnia
795 3875 965 3948 privilegium
1000 3876 1103 3932 lectum
1122 3875 1312 3944 concedentis,
1331 3883 1362 3932 ut
1375 3883 1448 3948 patet
1461 3876 1495 3934 de
1508 3876 1558 3933 illis
1573 3875 1712 3949 uttsrnt,
1723 3882 1804 3952 poil-

162 3969 402 4025 communicotum
424 3972 466 4024 est
484 3982 581 4024 rarum
596 3967 780 4041 privilegium3
797 3965 965 4048 privilegium
1000 3967 1045 4032 ri,
1069 3963 1262 4038 adpendere,
1287 3972 1328 4035 et,
1350 3967 1381 4022 ln
1401 3966 1552 4028 ernaldus.
1575 3971 1603 4022 el
1619 3983 1674 4041 per
1687 3970 1801 4026 omitia.

162 4063 257 4114 autem
277 4055 320 4113 ad
331 4059 430 4113 instar
443 4056 648 4128 comparatione
663 4056 775 4112 ulterius
789 4062 832 4110 esi
843 4056 922 4126 quasi
936 4054 965 4108 li·
1001 4054 1072 4111 idem
1098 4060 1191 4111 aulem
1211 4054 1359 4111 dicendam
1379 4056 1432 4112 erit
1449 4055 1482 4111 de
1497 4056 1645 4127 praedictis
1657 4057 1745 4114 verbis
1760 4073 1801 4114 re·

161 4152 243 4202 cium
259 4146 367 4202 lictione
377 4146 454 4202 iuris.
466 4144 543 4202 Unde
553 4143 629 4200 Baid.
642 4145 693 4213 ait,
706 4144 793 4202 ciram
804 4141 846 4200 od
855 4145 962 4209 instar,
1001 4150 1098 4213 spectu
1121 4143 1251 4214 privilegii
1265 4141 1307 4198 ccl
1321 4145 1430 4210 instar,
1445 4153 1475 4200 ut
1488 4147 1617 4216 exposuit
1629 4145 1749 4202 llandos.
1762 4144 1803 4202 di-

163 4249 217 4290 seu
236 4249 269 4290 es
290 4233 429 4307 privilegio
450 4249 503 4290 non
524 4249 585 4290 esse
605 4232 755 4305 legitimum
774 4238 804 4289 et
816 4247 914 4288 rerum
929 4231 967 4287 ci·
1002 4235 1045 4286 eta
1060 4247 1087 4302 q.
1101 4235 1130 4300 2,
1142 4247 1217 4288 num.
1236 4235 1286 4304 ta,
1301 4232 1345 4287 uiri
1356 4232 1413 4304 ipse
1425 4232 1508 4289 relect
1519 4232 1584 4290 alias
1596 4234 1801 4307 privilegiorum

163 4337 241 4392 vem,
259 4322 305 4378 aed
321 4321 580 4380 similitudinariam.
599 4322 705 4379 Omnis
716 4325 816 4378 annm
827 4318 967 4377 similliu-
1001 4318 1150 4390 iormuias,
1168 4335 1238 4392 quae
1254 4319 1368 4390 habeut,
1384 4336 1445 4376 non
1462 4321 1505 4379 cd
1521 4324 1634 4384 instar,
1656 4321 1707 4379 sed
1717 4327 1803 4398 pari-

160 4411 215 4478 do,
245 4412 349 4485 inquit,
371 4417 415 4468 est
433 4409 586 4484 quoddam
595 4411 776 4484 fipmenlum
790 4413 849 4475 rel,
866 4414 894 4466 ei
906 4426 966 4466 non
992 4404 1153 4475 sormlier‚·
1169 4413 1196 4463 et
1209 4407 1324 4465 miratur
1338 4408 1477 4480 quomodo
1489 4409 1536 4466 iila
1550 4411 1657 4483 negatio
1673 4428 1738 4468 cum
1753 4412 1801 4469 ad·

157 4503 330 4575 proprietas
349 4502 434 4574 ipsa,¹
445 4507 473 4557 at
487 4501 552 4557 citat
566 4499 619 4573 leg.
636 4498 724 4556 sedai
738 4503 867 4572 accepto,
887 4497 914 4554 tl.
932 4499 967 4554 de
1001 4496 1135 4552 versatim
1153 4497 1344 4554 coniunctione
1365 4504 1498 4568 ponatur,
1513 4513 1545 4554 ac
1567 4501 1589 4555 si
1608 4499 1673 4556 iliud
1690 4517 1745 4557 non
1759 4516 1804 4558 es·

162 4591 224 4644 iure
237 4589 306 4645 lisci.
922 4613 928 4623 ·
1001 4593 1042 4641 sat
1056 4585 1225 4658 privilegium
1245 4586 1406 4652 adinstar,
1425 4589 1465 4644 rel
1481 4603 1513 4644 ac
1525 4589 1547 4644 si
1562 4603 1621 4646 essa
1636 4588 1678 4647 aad
1693 4592 1798 4657 instar,

204 4685 232 4740 5·
248 4679 441 4736 Verumtamen
453 4678 499 4740 ,hic
514 4679 594 4735 etiam
609 4677 707 4735 modus
719 4675 827 4736 dicendi
842 4692 894 4733 non
910 4677 968 4748 pla·
1001 4683 1029 4732 et
1048 4691 1109 4731 esse
1126 4674 1336 4749 porisormiier
1354 4684 1448 4735 esseni
1467 4681 1602 4750 opposita.
1617 4681 1647 4736 lu
1663 4681 1802 4752 praedicta

162 4775 218 4824 cat.
241 4767 346 4837 Primo,
367 4765 431 4839 quia
452 4782 536 4838 supra
549 4766 656 4824 dictum
671 4772 724 4836 est,
741 4765 911 4840 privilegium
925 4763 968 4822 od
1001 4771 1093 4820 autem
1117 4764 1194 4821 Bolia
1213 4781 1269 4821 non
1290 4765 1390 4839 legitur
1411 4765 1535 4823 absoluta
1555 4785 1615 4824 non
1635 4767 1797 4838 adinstar,

162 4860 265 4913 instar
285 4855 410 4912 absoluta
430 4871 613 4927 concessum,
635 4853 743 4913 extendi
758 4854 916 4924 adomnia,
931 4853 964 4910 ad
1002 4852 1049 4910 sed
1066 4870 1124 4910 non
1139 4853 1235 4910 soleam
1246 4853 1409 4918 odiosior:
1420 4871 1491 4928 quae
1505 4856 1586 4913 rerba
1598 4857 1745 4916 faciliorem
1755 4859 1802 4916 ha·

163 4959 235 5018 cquae
257 4959 339 5001 auum
360 4943 499 5016 exemplar
518 4945 689 5018 extenditur3
705 4951 788 5017 atque
803 4943 871 5000 adeo
887 4943 920 4999 de
936 4959 965 5020 sa
1002 4943 1066 4999 beni
1082 4941 1307 5014 explicationem:
1322 4961 1381 5000 nam
1395 4945 1458 5017 quia
1469 4945 1639 5017 privilegium
1651 4946 1693 5003 ud
1704 4951 1802 5006 instar

163 5035 257 5090 dicere
272 5034 448 5090 imitationem
463 5033 625 5105 perlectam,
641 5039 669 5090 et
682 5039 735 5088 tion
752 5039 855 5089 inulam
870 5031 976 5088 adum.
1002 5031 1171 5088 latitudinem
1191 5032 1290 5090 lrabere
1305 5039 1403 5105 potest,
1418 5039 1446 5089 ei
1460 5035 1674 5108 obscuritatem,
1690 5039 1731 5094 rei
1746 5046 1800 5096 ter·

165 5124 286 5193 irratam,
307 5123 348 5179 ret
363 5124 466 5195 iactam,
483 5123 563 5180 cuirrs
575 5123 731 5196 oppositum
745 5122 771 5179 in
781 5121 832 5180 lma
844 5121 968 5178 dilleran·
1001 5120 1225 5196 giversationam,
1242 5122 1264 5177 si
1279 5122 1368 5179 solum
1383 5129 1518 5194 ponatur,
1535 5122 1594 5181 ideo
1610 5128 1649 5183 ait
1664 5128 1797 5201 Poniiles,

168 5212 204 5270 tia
219 5213 385 5285 supponitur
400 5212 456 5269 sino
471 5213 617 5272 sullicienti
636 5211 830 5286 lundanrcnto,
848 5217 878 5268 ut
893 5217 967 5283 pate·
1003 5210 1156 5268 concedere
1172 5225 1200 5268 se
1215 5211 1352 5285 privilegia
1367 5213 1440 5270 dicta
1456 5226 1509 5269 non
1523 5212 1614 5272 solum
1628 5214 1670 5274 od
1690 5219 1796 5285 instar,
1858 5207 1872 5222 '
