4290 6222
885 398 1079 450 crnnrxvr.
1687 391 1748 458 399

146 523 200 584 sed
220 531 265 582 est
283 526 410 583 extensio
429 522 564 598 (quaedam
578 522 700 580 eiusdem
716 521 857 595 privilegii.
874 521 950 580 Unde
1026 529 1055 582 9.
1072 524 1248 596 Respondes,
1265 526 1328 583 talin
1348 527 1486 600 privilegio
1505 535 1634 601 respectu
1650 530 1789 604 religioso·

145 614 188 671 ibi
205 615 298 672 locum
314 614 397 670 babet
411 615 479 670 rntio
495 619 566 670 tacta
580 627 679 683 supra,
697 611 773 682 quod
793 611 828 666 ibi
843 627 895 666 non
910 616 952 667 est
989 629 1050 669 rum
1062 628 1114 668 nnn
1125 629 1185 670 esse
1197 630 1245 685 pcr
1255 617 1661 690 communicationem,proprie
1673 620 1787 692 loquen-

144 704 357 778 pririleginrum
378 701 540 770 similitudo,
556 717 606 758 nec
628 701 739 770 relatio,
755 707 804 756 aut
823 699 951 771 aequipa·
987 701 1042 770 do,
1061 699 1108 756 scd
1123 717 1172 772 per
1186 703 1393 760 concessionem
1408 706 1580 777 primariam,
1595 714 1625 763 et
1643 707 1786 766 directam.

143 794 222 849 ratio
243 792 325 848 unius
347 791 380 846 od
401 789 553 862 etiamsed
571 797 615 846 cst
629 789 698 846 illem
713 787 882 860 privilegium
897 803 949 844 non
987 764 1056 854 tinia
1072 788 1183 860 quoodo
1205 789 1345 862 privilegia
1359 793 1495 864 religionis
1510 793 1573 850 talia
1592 803 1673 866 erint,
1690 803 1721 852 ut
1736 813 1786 868 pro

144 887 256 938 tantum
279 882 386 952 specie,
401 879 449 936 sed
463 881 546 936 etiam
561 895 690 949 numero,
703 876 778 950 quod
793 878 838 932 uni
850 877 950 947 primo,
988 878 1103 949 singuiis
1118 877 1268 949 religiosis,
1281 886 1308 934 ct
1322 881 1355 936 ml
1368 882 1537 951 personalem
1549 898 1630 939 usum
1643 885 1788 944 conferan-

145 976 180 1026 et
194 971 271 1026 alteri
285 969 389 1026 ratione
403 969 476 1024 illius
491 969 570 1039 primi
585 966 819 1023 communicatur.
835 965 911 1022 Unde
924 965 952 1020 frt
988 972 1049 1036 tur,
1066 967 1170 1037 primo,
1186 982 1218 1022 ac
1240 982 1289 1038 per
1309 983 1337 1024 se
1359 967 1553 1026 conceduntur
1575 970 1639 1043 ipsis
1663 974 1786 1044 personis

146 1060 249 1126 etiam,
265 1066 296 1114 ut
312 1057 382 1114 inter
395 1073 427 1114 ea
441 1057 498 1114 duo
513 1056 651 1126 membra,
666 1071 737 1127 quae
750 1053 797 1111 illo
813 1054 952 1126 privilegio
988 1053 1138 1126 religiosis:
1157 1069 1218 1110 nam
1235 1055 1299 1112 licet
1314 1056 1459 1114 rideantur
1477 1060 1592 1118 concedi
1615 1063 1729 1134 singulis
1745 1079 1786 1120 ra-

146 1146 290 1218 gaudent,
307 1161 360 1202 noo
381 1147 416 1201 sit
435 1144 601 1220 aequalitasp
625 1159 687 1200 nam
702 1157 809 1213 semper
825 1157 951 1198 accesso·
988 1142 1060 1199 tione
1076 1144 1168 1213 totius,
1181 1145 1261 1200 etiam
1272 1145 1466 1202 conceduntur
1478 1149 1588 1219 corpori
1604 1150 1787 1207 mediantibus

148 1236 224 1292 riom
245 1234 344 1306 pendet
363 1251 378 1290 a
400 1233 558 1306 principali,
573 1240 601 1289 ct
622 1234 643 1288 si
665 1232 813 1304 principale
827 1229 894 1286 illud
910 1245 953 1286 re·
989 1230 1116 1286 membris
1138 1232 1291 1288 secundum
1305 1232 1412 1291 diversa
1426 1251 1527 1306 genera
1541 1253 1699 1294 causarum.
1718 1241 1786 1296 Nam

153 1325 282 1390 nunciet,
299 1322 340 1379 vel
361 1323 413 1380 alin
434 1323 516 1378 modo
530 1320 598 1378 illud
613 1321 734 1390 amittat,
749 1325 953 1391 consequenter
989 1319 1013 1374 si
1027 1320 1207 1390 respiciamus
1227 1321 1359 1378 rationem
1380 1326 1524 1394 motivam,
1540 1326 1585 1382 illa
1603 1326 1787 1386 videturesse

149 1412 222 1470 illud
235 1415 315 1469 etiam
329 1411 425 1484 perdet
438 1413 637 1468 accessorium.
651 1412 687 1468 Ut
698 1411 719 1465 si
736 1408 831 1482 religio
845 1407 952 1464 amittat
988 1407 1066 1462 favor
1087 1408 1237 1490 religionis,
1258 1417 1287 1467 ct
1308 1411 1360 1468 lroc
1380 1411 1460 1468 modo
1478 1415 1638 1472 conceditur
1658 1418 1788 1475 membris

148 1501 340 1573 privilegium,
363 1506 569 1572 consequenter
588 1497 697 1566 donati,
719 1497 761 1555 ael
776 1540 783 1565 ,
800 1497 951 1552 servientes
988 1503 1103 1568 propter
1114 1503 1312 1554 totum:tamen
1324 1499 1346 1555 si
1358 1509 1513 1571 spectemus
1524 1504 1710 1562 immediatum
1721 1509 1786 1564 sub·

150 1591 225 1647 intra
239 1589 337 1647 domos
351 1592 472 1646 virentes
487 1588 599 1646 illorum
613 1589 708 1645 fructu
724 1587 882 1658 prirentur,
898 1601 952 1642 nnn
989 1583 1103 1655 fectum,
1115 1587 1161 1641 cni
1176 1587 1204 1642 fit
1218 1586 1295 1643 favor
1309 1587 1450 1662 privilegii,
1466 1589 1534 1647 illud
1547 1599 1589 1648 est
1607 1607 1788 1668 unaquaeque

151 1694 220 1736 pero
244 1695 259 1735 ε
280 1679 436 1749 contrariaq
459 1693 524 1734 nam
545 1677 610 1734 licet
629 1675 798 1749 privilegium
821 1673 953 1746 perdatur
987 1687 1107 1742 persona
1122 1674 1262 1747 religiosa,
1278 1691 1329 1733 nee
1343 1677 1506 1734 conceditur
1517 1683 1641 1752 corpori,
1656 1683 1705 1739 nisi
1719 1699 1789 1755 qua·

149 1767 244 1840 quoad
265 1769 470 1836 accessorium,
485 1783 535 1823 seu
557 1765 720 1834 familiares,
735 1779 787 1818 non
810 1763 951 1819 amittetur
987 1767 1066 1817 tenus
1079 1763 1205 1818 omnibns
1219 1770 1247 1820 et
1262 1764 1377 1837 singulis
1390 1766 1517 1823 membris
1528 1766 1620 1840 datur,
1630 1770 1694 1842 quia
1702 1773 1790 1828 actio·

148 1856 243 1930 quood
259 1856 433 1929 religionem,
450 1856 515 1928 quia
534 1855 721 1912 accessorium
735 1853 862 1926 sequitur
878 1850 951 1919 prin·
987 1865 1035 1906 nes
1052 1852 1092 1906 rel
1104 1852 1236 1922 allectus,
1251 1860 1366 1924 propter
1377 1869 1449 1926 quos
1462 1856 1544 1912 datur
1555 1846 1740 1932 privilegium,
1753 1859 1787 1916 ad

151 1946 262 2018 cipale,
277 1946 353 2002 stab
367 1960 400 2002 eo
414 1943 529 2016 pendet,
546 1959 597 1999 non
611 1944 789 2000 econtrario.
809 1943 843 1996 Et
856 1939 951 1996 eadem
987 1939 1110 2010 singulos
1124 1947 1260 2012 spectant,
1272 1957 1327 1998 non
1339 1942 1372 1999 ad
1384 1953 1486 2015 corpus
1501 1952 1532 2001 ut
1547 1947 1599 2002 tale
1614 1955 1667 2018 est,
1680 1955 1711 2004 ut
1722 1966 1787 2021 sup-

149 2037 258 2092 ratione
279 2035 344 2092 licet
364 2034 418 2103 illi,
433 2033 534 2106 quibus
553 2031 717 2089 secundario
730 2031 952 2086 communicatur
987 2030 1123 2098 pmnimus.
1141 2027 1215 2086 Elin
1231 2029 1284 2086 boc
1297 2037 1341 2088 est
1355 2047 1452 2104 magna
1463 2033 1613 2092 differentia
1625 2036 1695 2093 inter
1711 2038 1786 2109 ipsos

150 2124 337 2196 privilegium,
346 2123 391 2180 illo
401 2123 585 2194 gaudeant,et
596 2121 635 2177 uti
647 2122 750 2192 possint
762 2126 859 2176 contra
872 2118 949 2190 alios,
987 2117 1126 2190 religiosos
1137 2125 1165 2174 et
1174 2118 1241 2174 alios
1253 2162 1260 2190 ,
1272 2121 1318 2191 qui
1328 2124 1407 2192 quasi
1418 2124 1571 2180 extrinsece
1586 2125 1734 2183 adbaerent
1745 2143 1790 2184 re·

149 2228 207 2268 non
230 2227 295 2268 vero
316 2218 414 2269 contra
435 2210 529 2277 illum,
547 2209 650 2267 ratione
665 2211 746 2266 cuins
761 2207 826 2265 illud
841 2208 951 2279 portici·
987 2205 1086 2280 ligioni.
1096 2207 1202 2264 Etideo
1214 2209 1294 2265 etiam
1307 2225 1360 2266 nnn
1372 2217 1462 2281 potest
1472 2211 1537 2282 dici,
1550 2213 1602 2271 tale
1619 2215 1787 2289 privilegium

150 2310 235 2374 paor,
258 2300 387 2372 nequod
409 2300 434 2355 in
455 2299 575 2356 favorem
599 2301 721 2370 ipsorum
746 2298 898 2368 recipiunt,
926 2296 950 2352 io
987 2296 1139 2353 secundum
1160 2296 1657 2370 hancrespectomessendinstnr,
1689 2311 1789 2362 autsc-

148 2407 246 2447 eorum
262 2397 448 2464 grornrnenet
462 2389 553 2446 odium
565 2395 759 2458 convertatur,
773 2396 802 2444 ut
815 2384 949 2442 recterlo·
986 2383 1108 2442 cundum
1128 2385 1262 2442 fictionem
1282 2386 1417 2459 aliquam,
1440 2405 1528 2462 neque
1546 2391 1700 2449 secundum
1726 2409 1790 2464 prn-

150 2487 199 2536 cct
211 2480 354 2546 Corduba,
365 2487 394 2536 et
408 2481 532 2536 Emman.
547 2478 650 2535 ltoder.
662 2493 747 2549 supra
763 2468 906 2547 loquentes
919 2475 952 2530 de
987 2473 1071 2543 priam
1090 2473 1312 2544 dependentium,
1333 2477 1385 2532 nisi
1408 2477 1525 2534 fortasse
1540 2487 1679 2553 quatenus
1697 2489 1790 2554 partes
1821 2517 1830 2532 ·

150 2570 300 2640 privilegiis
319 2567 507 2641 Religionum,
523 2573 660 2640 quatenus
679 2565 861 2622 servientibus
876 2577 970 2620 com··
986 2561 1103 2635 pendent
1118 2562 1209 2635 aliquo
1224 2562 1304 2619 modo
1317 2580 1333 2619 a
1346 2571 1404 2622 toto
1414 2608 1421 2637 ,
1433 2573 1462 2624 et
1472 2583 1487 2623 e
1499 2571 1648 2628 contrario.
1669 2572 1726 2626 fiiri
1739 2586 1789 2627 au-

150 2659 338 2714 municantur.
356 2659 390 2714 Et
403 2656 558 2730 generalius
569 2656 638 2713 idem
649 2655 732 2712 docet
746 2653 952 2712 Panormitanus
988 2656 1041 2707 tem
1054 2657 1182 2722 respectu
1196 2651 1401 2725 religiosorum,
1414 2657 1511 2729 utique
1522 2657 1574 2712 iam
1590 2657 1789 2729 professorum,

150 2749 176 2803 j„
193 2762 257 2818 0³9,
270 2750 424 2820 gaeparae,
443 2751 486 2816 15,
502 2745 534 2802 de
549 2745 601 2802 for.
617 2752 737 2816 compet.
752 2760 828 2799 nram.
851 2747 897 2812 lt,
913 2741 952 2798 di·
986 2742 1051 2812 quia
1073 2747 1203 2811 respectu
1224 2741 1387 2799 novitiorum
1408 2743 1461 2801 dici
1476 2752 1566 2817 potest
1581 2746 1649 2804 baec
1664 2762 1791 2807 commu·

149 2851 236 2906 ωας,
251 2837 298 2908 qui
319 2835 458 2909 privilagio
479 2835 564 2892 utitur
578 2837 638 2890 iure
651 2833 783 2900 alterius,
800 2847 852 2887 non
868 2847 950 2902 posse
987 2831 1086 2886 nicetio
1097 2829 1250 2887 secundnm
1263 2831 1381 2904 aliquam
1392 2834 1535 2906 fictionem,
1547 2843 1574 2893 ct
1590 2838 1788 2910 extensionem,

151 2925 199 2980 illo
214 2925 253 2980 nti
268 2931 365 2980 contra
379 2939 454 2992 eona,
471 2923 573 2980 ratione
588 2925 670 2980 cuius
685 2923 729 2979 illo
743 2919 860 2994 gaudet:
878 2920 952 2992 quod
986 2926 1014 2975 et
1035 2917 1094 2974 ideo
1115 2925 1146 2975 ut
1167 2919 1228 2975 talia
1244 2921 1382 2992 privilegia
1395 2925 1558 2981 conveniant
1578 2927 1721 3000 religiosis,
1735 2944 1790 2985 nnn

150 3015 236 3072 etiam
250 3011 370 3068 affirmat
383 3013 457 3068 Bart.
473 3012 497 3067 in
513 3011 532 3067 1.
548 3009 731 3074 donationes,
747 3013 795 3078 tf,
810 3011 839 3066 C.
856 3007 889 3065 de
904 3007 954 3064 do·
987 3014 1029 3064 est
1043 3009 1197 3065 necessaria
1211 3009 1335 3079 specialis
1346 3013 1495 3083 expressio,
1509 3021 1557 3070 aut
1571 3014 1729 3086 declaratio,
1743 3017 1791 3074 sed

151 3109 211 3160 nat.
231 3103 300 3158 inter
315 3102 365 3158 rir.
379 3107 407 3158 et
421 3117 500 3158 uror.
517 3117 549 3157 ex
565 3099 584 3155 Ι.
600 3103 627 3156 si
640 3097 740 3166 iader,
760 3102 802 3167 tt,
816 3099 843 3154 ff.
857 3097 892 3154 de
903 3099 952 3154 mi·
988 3097 1053 3154 satis
1072 3103 1130 3169 est,
1147 3097 1221 3170 quod
1236 3099 1354 3172 religioni
1369 3102 1571 3160 concedantur:
1589 3112 1619 3161 ut
1636 3121 1700 3162 vero
1713 3121 1790 3164 cnm·

149 3207 212 3248 nor.
233 3206 303 3263 qnae
322 3207 374 3246 non
393 3191 420 3246 in
439 3190 556 3261 propriis
577 3189 716 3258 terminis,
732 3188 780 3244 sed
796 3204 954 3261 perquam·
988 3185 1142 3256 plectantur
1162 3187 1295 3257 novitios,
1317 3192 1471 3246 necessaris
1485 3192 1538 3248 erit
1550 3209 1679 3265 expressa
1694 3195 1791 3254 aerbo·

149 3279 214 3336 dom
239 3279 434 3350 particularem
457 3281 590 3335 rationem
611 3277 702 3334 induci
717 3283 816 3347 potest.
833 3278 953 3350 benique
989 3291 1051 3331 rum
1073 3275 1178 3347 forma,
1200 3283 1227 3332 ct
1249 3277 1285 3333 ita
1305 3277 1433 3334 observat
1453 3296 1537 3351 usus,
1552 3288 1580 3338 et
1598 3285 1686 3340 nrulto
1704 3287 1790 3358 magis

149 3371 176 3424 in
202 3367 254 3424 boc
275 3366 478 3440 quodammodo
498 3369 693 3440 aequiparatur
718 3366 892 3438 privilegium
914 3367 952 3420 sic
988 3371 1033 3419 est
1055 3364 1225 3432 neccssaria,
1249 3371 1280 3430 ut
1299 3366 1332 3422 ad
1353 3366 1498 3426 familiares
1519 3371 1688 3428 extendatur.
1714 3375 1790 3432 Unde

147 3457 384 3514 communicatum
407 3455 546 3529 privilegio
565 3454 732 3521 odiosior,
752 3453 952 3526 impropriam
988 3453 1067 3508 etiam
1085 3453 1111 3507 in
1126 3453 1166 3508 bis
1185 3452 1274 3510 solent
1288 3456 1390 3527 requiri
1405 3457 1537 3528 speciales
1558 3457 1743 3532 conditiones,
1760 3470 1792 3520 ut

149 3553 220 3618 cro,
242 3553 354 3617 propter
374 3546 551 3601 imitationem
573 3542 762 3616 impropriam,
786 3559 870 3617 quam
890 3543 954 3598 facit
988 3557 1015 3595 r.
1032 3557 1060 3612 g.
1078 3539 1152 3612 quod
1169 3547 1234 3598 actu
1250 3543 1384 3614 serviant,
1397 3543 1467 3601 intra
1481 3550 1643 3604 monasteria
1659 3549 1789 3624 babeant,

151 3650 206 3707 per
226 3636 363 3691 fictionem
385 3634 465 3690 iuris:
482 3634 521 3688 sic
535 3635 607 3690 enirn
622 3633 674 3688 boc
690 3631 871 3704 privilegium,
886 3630 952 3687 dum
988 3633 1044 3684 etc.
1064 3629 1090 3683 in
1105 3628 1237 3702 religiosis
1248 3637 1341 3703 autern
1354 3631 1411 3688 sola
1422 3633 1555 3703 professio
1569 3636 1682 3708 suflicit,
1700 3648 1731 3695 ut
1742 3656 1790 3696 no·

147 3722 308 3780 extenditur
332 3720 365 3777 ad
386 3721 531 3778 familiares
550 3721 706 3794 religionis,
723 3737 748 3775 r.
765 3736 793 3792 g.
810 3719 952 3776 aestimare
990 3715 1040 3772 tari
1051 3723 1143 3787 potest
1156 3717 1183 3773 in
1194 3715 1313 3775 Trident.
1327 3735 1396 3776 sess.
1410 3723 1458 3792 il,
1470 3737 1532 3794 cap.
1548 3728 1588 3782 tl.
1599 3725 1633 3781 de
1648 3728 1789 3786 reformat.

150 3812 216 3868 illos
237 3810 343 3867 ridetur
365 3817 505 3882 tamquam
527 3809 666 3881 religiosos
685 3810 793 3866 fictione
807 3809 895 3877 iuris,
911 3805 952 3862 rel
1033 3810 1077 3864 10.
1093 3809 1129 3864 nt
1143 3821 1208 3863 uero
1223 3808 1414 3881 privilegium,
1430 3810 1505 3882 quod
1520 3813 1566 3869 uni
1581 3816 1658 3886 prius
1674 3833 1791 3874 conoes-

149 3915 201 3972 per
214 3901 363 3973 quamdam
383 3898 567 3955 habitudinem
581 3903 609 3954 et
622 3897 785 3970 analogiam.
983 3911 1052 3958 ,sum
1067 3901 1123 3964 est,
1138 3905 1166 3953 et
1181 3903 1276 3968 postea
1295 3899 1519 3957 communicatur
1533 3902 1609 3960 alteri
1630 3907 1657 3962 fn
1680 3909 1791 3978 propria

197 3994 225 4048 8.
241 3991 318 4045 Dicet
331 4004 396 4045 vero
410 3988 519 4060 aliquis,
532 4001 598 4060 ergo
613 3987 751 4060 privilegia
762 4001 897 4044 concessa
910 4001 953 4042 re·
989 3998 1123 4056 liif⁸⁰¹¹is
1148 3985 1185 4041 lli
1210 3993 1243 4042 ¹¹1
1266 3986 1313 4043 fiii
1336 3986 1411 4044 milii
1431 3991 1588 4061 lll⁰liff¹¹¹¹¹s
1611 4009 1665 4051 ¹1⁰ss
1688 3997 1789 4068 minuis

148 4078 257 4150 ligioni,
269 4085 300 4134 ut
319 4077 370 4147 sic,
382 4082 518 4150 quatenus
529 4077 770 4132 communicantur
785 4076 899 4148 singulis
911 4091 952 4131 re·
989 4088 1072 4144 quam
1089 4075 1112 4127 si
1127 4073 1174 4129 tali
1189 4088 1338 4146 personae,
1355 4075 1397 4132 vel
1416 4079 1456 4133 rei
1469 4078 1565 4137 fuisset
1580 4082 1707 4153 primario
1724 4100 1791 4142 con-

149 4167 256 4239 ligiosis
270 4166 375 4222 divisim
390 4181 421 4222 ac
442 4165 641 4237 personaliter,
656 4171 738 4220 erunt
752 4165 889 4236 privilegia
901 4179 949 4236 per
989 4177 1114 4218 cessum=
1132 4161 1197 4218 illud
1210 4170 1254 4219 est
1268 4166 1408 4236 proprium
1420 4168 1589 4241 privilegium
1600 4187 1649 4242 per
1665 4189 1792 4231 commu·

150 4256 447 4323 communicationem,
462 4271 515 4311 oon
530 4269 578 4326 per
588 4253 720 4311 directam
732 4253 950 4323 concessionem,
991 4250 1154 4306 nicationem
1177 4251 1354 4322 simpliciter,
1370 4260 1398 4310 et
1411 4254 1435 4310 in
1452 4271 1480 4312 rc
1494 4256 1558 4313 nibil
1573 4257 1690 4318 differta
1706 4264 1792 4333 privi-

148 4345 282 4418 quianon
303 4346 407 4400 ratione
421 4344 476 4412 sni,
489 4343 536 4400 sed
552 4345 655 4398 ratione
666 4343 751 4398 totius
763 4343 887 4412 corporis
898 4343 953 4396 sin·
991 4338 1060 4412 legio
1074 4338 1116 4396 nd
1130 4341 1231 4396 instar
1246 4342 1354 4412 proprie
1369 4351 1495 4415 sumpto,
1512 4347 1592 4417 quale
1606 4364 1692 4421 snpra
1710 4351 1793 4422 expli·

149 4434 220 4507 gula
235 4433 355 4493 membra
373 4433 498 4504 religioso
512 4431 566 4488 illis
581 4431 728 4504 privilegiis
744 4431 875 4503 gaudent,
886 4437 916 4487 et
927 4430 953 4485 in
990 4435 1083 4484 catum
1098 4437 1151 4484 est.
1169 4431 1207 4485 lta
1223 4428 1331 4485 tandem
1346 4431 1489 4488 concludit
1501 4434 1629 4492 blandosa
1646 4453 1746 4510 supra,
1762 4447 1792 4497 et
1863 4461 1865 4466 ·

150 4523 194 4579 eis
208 4537 224 4580 a
237 4538 354 4594 corpore
367 4520 535 4594 dependent,
549 4536 612 4577 nam
627 4522 648 4576 si
660 4536 763 4592 corpus
775 4519 912 4593 religionis
925 4520 955 4576 il·
990 4515 1060 4574 idem
1076 4519 1196 4575 sentiunt
1212 4517 1294 4574 ὓθῐῧ-
1312 4527 1340 4574 θῑ
1353 4520 1479 4578 Emmnn.
1493 4523 1595 4580 fifides·
1615 4526 1681 4583 liiii
1695 4529 1721 4582 ¹¹¹
1739 4535 1792 4584 ¹0¹·

149 4613 184 4668 tis
198 4613 333 4683 privetur,
354 4612 394 4667 rel
410 4611 453 4666 illa
468 4612 622 4682 renunciat,
634 4610 676 4666 sel
690 4611 804 4680 amittat,
820 4625 914 4665 omnes
925 4616 953 4666 et
990 4607 1068 4662 minis
1080 4605 1269 4679 quaestionem
1285 4623 1338 4662 nnn
1350 4613 1480 4666 tractent.
1492 4612 1527 4668 Et
1538 4613 1696 4684 probabitur
1713 4616 1792 4676 facilc

148 4701 254 4774 singuli
273 4701 390 4772 religiosi
406 4699 457 4754 illis
469 4700 616 4772 carebunt,
631 4715 684 4755 non
696 4699 950 4756 rarescantrario.
991 4694 1155 4751 declarando
1173 4695 1224 4752 iim
1246 4703 1274 4752 θῑ
1292 4695 1446 4754 effliiillffl
1468 4699 1549 4757 buius
1569 4706 1795 4766 ⁰⁰ss¹m⁰⁰l⁰⁸fi⁰‘
1874 4755 1877 4760 ·

149 4789 255 4862 Religio
278 4789 359 4846 etiarn
379 4788 417 4844 uti
432 4789 533 4860 poterit
547 4789 591 4845 tali
606 4789 746 4861 privilegio
761 4797 858 4844 contra
873 4803 954 4844 suurn
990 4785 1040 4838 nis·
1059 4786 1149 4840 Primo
1166 4785 1238 4840 θῦῖΙΙΙ
1253 4784 1321 4842 '¹⁸⁰⁰
1336 4789 1550 4845 ⁰⁰ffl¹¹¹l¹¹¹⁵⁰³fi⁰
1563 4798 1607 4847 θθῑ
1630 4792 1713 4850 fellu
1727 4811 1795 4852 ⁰⁰¹¹·

151 4879 331 4952 religiosum,
353 4892 408 4933 non
430 4884 520 4933 tamen
541 4892 555 4934 e
577 4877 732 4948 contrario,
748 4893 814 4951 ergo
832 4884 873 4933 est
887 4875 954 4933 illud
990 4874 1079 4930 cessio
1094 4875 1156 4930 nori
1168 4874 1457 4948 privilegii,quiailli,
1470 4879 1515 4934 cui
1536 4881 1795 4954 prnttegiumoom·

150 4967 324 5041 privilegium
344 4981 391 5037 per
410 4965 687 5022 communicationem
708 4965 910 5038 imperfectam,
926 4971 956 5020 et
990 4964 1157 5034 munientur,
1171 4978 1272 5020 norum
1284 4963 1452 5036 privilegium
1464 4967 1638 5038 conceditur,
1660 4972 1735 5042 qnod
1747 4989 1795 5030 nn·

153 5054 413 5126 similitudinariam,
427 5055 509 5110 etiarn
524 5061 652 5126 respectu
669 5055 870 5126 religiosorum:
888 5068 955 5110 con·
991 5059 1034 5110 tea
1050 5068 1110 5112 ,non
1129 5051 1262 5122 babebat,
1279 5059 1308 5108 et
1321 5052 1385 5109 licet
1399 5059 1477 5110 antea
1492 5053 1558 5112 illud
1583 5057 1753 5132 privilegium
1769 5063 1799 5119 in

153 5159 274 5218 sequens
287 5149 379 5200 autem
400 5142 507 5199 ridetur
522 5141 673 5200 absurdum
689 5150 717 5199 et
730 5143 851 5200 alienum
866 5158 882 5199 a
897 5159 954 5198 mo·
990 5144 1083 5214 specie
1101 5149 1177 5198 esset
1194 5143 1220 5196 in
1240 5141 1307 5212 alio,
1329 5157 1382 5196 nou
1402 5149 1494 5199 tamen
1508 5146 1608 5216 erat-in
1631 5148 1677 5206 tali
1691 5164 1736 5223 re,
1753 5153 1795 5208 vel

153 5234 189 5288 rlo
205 5231 333 5304 loquendi
349 5231 471 5288 omnium
486 5229 519 5286 de
535 5230 692 5288 huiusmodi
706 5231 865 5304 privilegiis.
990 5246 1122 5304 lif⁸⁰⁰⁸i
1138 5245 1205 5303 “8⁰
1225 5227 1315 5302 ‘1¹¹⁰ld
1337 5229 1407 5287 '¹⁰⁰⁰
1429 5233 1687 5310 ⁵⁰d5⁹⁵d⁰⁸⁰⁰¹¹0ma
1706 5248 1737 5299 ¹¹⁸
1752 5241 1792 5298 ⁸⁵⁰
